<?xml version="1.0" encoding="UTF-8"?>
<!DOCTYPE html PUBLIC "-//W3C//DTD XHTML 1.0 Transitional//EN"
    "http://www.w3.org/TR/xhtml1/DTD/xhtml1-transitional.dtd">
<html xmlns="http://www.w3.org/1999/xhtml" xml:lang="en" lang="en">
 <head>
  <title>
</title>
<meta http-equiv="Content-Type" content="text/html;charset=utf-8" />
  <meta name='ocr-system' content='tesseract 3.04.00' />
  <meta name='ocr-capabilities' content='ocr_page ocr_carea ocr_par ocr_line ocrx_word'/>
</head>
<body>
  <div class='ocr_page' id='page_1' title='image "./elogiumtiberiihe00ruhnuoft/elogiumtiberiihe00ruhnuoft_0295.png"; bbox 0 0 1879 3160; ppageno 0'>
   <div class='ocr_carea' id='block_1_1' title="bbox 402 179 1460 240">
    <p class='ocr_par' dir='ltr' id='par_1_1' title="bbox 402 179 1460 240">
     <span class='ocr_line' id='line_1_1' title="bbox 402 179 1460 240; baseline -0.005 -8"><span class='ocrx_word' id='word_1_1' title='bbox 402 185 585 232; x_wconf 82' lang='lat' dir='ltr'>v1TA</span> <span class='ocrx_word' id='word_1_2' title='bbox 631 184 692 229; x_wconf 80' lang='lat' dir='ltr'><strong>n.</strong></span> <span class='ocrx_word' id='word_1_3' title='bbox 743 179 1198 228; x_wconf 78' lang='lat' dir='ltr'>RUIINKENII.</span> <span class='ocrx_word' id='word_1_4' title='bbox 1375 196 1460 240; x_wconf 74' lang='lat'><strong>237</strong></span> 
     </span>
    </p>
   </div>
   <div class='ocr_carea' id='block_1_2' title="bbox 155 307 1570 2649">
    <p class='ocr_par' dir='ltr' id='par_1_2' title="bbox 155 307 1570 1793">
     <span class='ocr_line' id='line_1_2' title="bbox 155 307 1466 365; baseline -0.005 -6"><span class='ocrx_word' id='word_1_5' title='bbox 155 323 219 359; x_wconf 82' lang='lat' dir='ltr'><strong>ras</strong></span> <span class='ocrx_word' id='word_1_6' title='bbox 253 312 445 356; x_wconf 88' lang='lat' dir='ltr'><strong>docendo</strong></span> <span class='ocrx_word' id='word_1_7' title='bbox 485 308 649 365; x_wconf 85' lang='lat' dir='ltr'><strong>egregie</strong></span> <span class='ocrx_word' id='word_1_8' title='bbox 677 319 841 352; x_wconf 87' lang='lat' dir='ltr'><strong>tutatus</strong></span> <span class='ocrx_word' id='word_1_9' title='bbox 878 317 968 350; x_wconf 85' lang='lat' dir='ltr'><strong>est:</strong></span> <span class='ocrx_word' id='word_1_10' title='bbox 1015 316 1055 348; x_wconf 89' lang='lat' dir='ltr'><strong>et</strong></span> <span class='ocrx_word' id='word_1_11' title='bbox 1092 307 1242 350; x_wconf 90' lang='lat' dir='ltr'><strong>avitam</strong></span> <span class='ocrx_word' id='word_1_12' title='bbox 1287 311 1466 364; x_wconf 86' lang='lat' dir='ltr'>gloriam</span> 
     </span>
     <span class='ocr_line' id='line_1_3' title="bbox 155 377 1463 436; baseline 0 -10"><span class='ocrx_word' id='word_1_13' title='bbox 155 392 409 436; x_wconf 84' lang='lat' dir='ltr'>aequasset,</span> <span class='ocrx_word' id='word_1_14' title='bbox 443 381 480 425; x_wconf 92' lang='lat' dir='ltr'><strong>si</strong></span> <span class='ocrx_word' id='word_1_15' title='bbox 514 379 753 434; x_wconf 85' lang='lat' dir='ltr'><strong>longiorem</strong></span> <span class='ocrx_word' id='word_1_16' title='bbox 782 377 821 419; x_wconf 87' lang='lat' dir='ltr'><strong>ei</strong></span> <span class='ocrx_word' id='word_1_17' title='bbox 855 380 983 420; x_wconf 91' lang='lat' dir='ltr'><strong>vitam</strong></span> <span class='ocrx_word' id='word_1_18' title='bbox 1019 377 1104 422; x_wconf 89' lang='lat' dir='ltr'><strong>fata</strong></span> <span class='ocrx_word' id='word_1_19' title='bbox 1131 382 1463 427; x_wconf 85' lang='lat' dir='ltr'><strong>concessissent.</strong></span> 
     </span>
     <span class='ocr_line' id='line_1_4' title="bbox 156 449 1470 506; baseline -0.001 -9"><span class='ocrx_word' id='word_1_20' title='bbox 156 454 274 498; x_wconf 90' lang='lat' dir='ltr'><strong>Raro</strong></span> <span class='ocrx_word' id='word_1_21' title='bbox 305 454 486 506; x_wconf 89' lang='lat' dir='ltr'><strong>quodam</strong></span> <span class='ocrx_word' id='word_1_22' title='bbox 516 462 688 495; x_wconf 88' lang='lat' dir='ltr'><strong>naturae</strong></span> <span class='ocrx_word' id='word_1_23' title='bbox 716 462 917 502; x_wconf 89' lang='lat' dir='ltr'><strong>munere,</strong></span> <span class='ocrx_word' id='word_1_24' title='bbox 950 449 1076 492; x_wconf 89' lang='lat' dir='ltr'><strong>simul</strong></span> <span class='ocrx_word' id='word_1_25' title='bbox 1104 449 1284 494; x_wconf 89' lang='lat' dir='ltr'><strong>habebat</strong></span> <span class='ocrx_word' id='word_1_26' title='bbox 1306 462 1470 497; x_wconf 89' lang='lat' dir='ltr'><strong>utrum-</strong></span> 
     </span>
     <span class='ocr_line' id='line_1_5' title="bbox 160 522 1472 580; baseline 0.002 -12"><span class='ocrx_word' id='word_1_27' title='bbox 160 539 243 580; x_wconf 89' lang='lat' dir='ltr'><strong>que</strong></span> <span class='ocrx_word' id='word_1_28' title='bbox 266 525 402 577; x_wconf 91' lang='lat' dir='ltr'><strong>illud,</strong></span> <span class='ocrx_word' id='word_1_29' title='bbox 428 523 526 568; x_wconf 81' lang='grc' dir='ltr'><strong><em>εἶναι</em></strong></span> <span class='ocrx_word' id='word_1_30' title='bbox 550 524 619 566; x_wconf 75' lang='grc' dir='ltr'><strong>καὶ</strong></span> <span class='ocrx_word' id='word_1_31' title='bbox 648 525 787 567; x_wconf 77' lang='grc' dir='ltr'><strong><em>δοκεῖν.</em></strong></span> <span class='ocrx_word' id='word_1_32' title='bbox 847 522 897 564; x_wconf 91' lang='lat' dir='ltr'><strong>In</strong></span> <span class='ocrx_word' id='word_1_33' title='bbox 922 523 1046 565; x_wconf 87' lang='lat' dir='ltr'><strong>vultu</strong></span> <span class='ocrx_word' id='word_1_34' title='bbox 1074 532 1116 564; x_wconf 84' lang='lat' dir='ltr'><strong>et</strong></span> <span class='ocrx_word' id='word_1_35' title='bbox 1140 523 1278 566; x_wconf 91' lang='lat' dir='ltr'><strong>oculis</strong></span> <span class='ocrx_word' id='word_1_36' title='bbox 1303 538 1472 580; x_wconf 81' lang='lat' dir='ltr'><strong>expres·</strong></span> 
     </span>
     <span class='ocr_line' id='line_1_6' title="bbox 160 592 1472 652; baseline 0.002 -11"><span class='ocrx_word' id='word_1_37' title='bbox 160 612 206 641; x_wconf 82' lang='lat' dir='ltr'><strong>sa</strong></span> <span class='ocrx_word' id='word_1_38' title='bbox 241 608 327 639; x_wconf 86' lang='lat' dir='ltr'><strong>erat</strong></span> <span class='ocrx_word' id='word_1_39' title='bbox 361 594 488 639; x_wconf 88' lang='lat' dir='ltr'><strong>animi</strong></span> <span class='ocrx_word' id='word_1_40' title='bbox 520 595 745 649; x_wconf 80' lang='lat' dir='ltr'><strong>probitas,</strong></span> <span class='ocrx_word' id='word_1_41' title='bbox 778 592 1055 647; x_wconf 86' lang='lat' dir='ltr'><strong>magnitudO,</strong></span> <span class='ocrx_word' id='word_1_42' title='bbox 1085 593 1395 652; x_wconf 86' lang='lat' dir='ltr'><strong>benivolentia,</strong></span> <span class='ocrx_word' id='word_1_43' title='bbox 1429 609 1472 643; x_wconf 90' lang='lat' dir='ltr'><strong>et</strong></span> 
     </span>
     <span class='ocr_line' id='line_1_7' title="bbox 162 665 1468 723; baseline 0 -12"><span class='ocrx_word' id='word_1_44' title='bbox 162 667 324 711; x_wconf 87' lang='lat' dir='ltr'><strong>nullius</strong></span> <span class='ocrx_word' id='word_1_45' title='bbox 361 679 449 709; x_wconf 90' lang='lat' dir='ltr'><strong>non</strong></span> <span class='ocrx_word' id='word_1_46' title='bbox 489 665 661 710; x_wconf 80' lang='lat' dir='ltr'><strong>virtutis</strong></span> <span class='ocrx_word' id='word_1_47' title='bbox 709 665 996 721; x_wconf 83' lang='lat' dir='ltr'><strong>significatio:</strong></span> <span class='ocrx_word' id='word_1_48' title='bbox 1040 665 1244 721; x_wconf 88' lang='lat' dir='ltr'><strong>habitus,</strong></span> <span class='ocrx_word' id='word_1_49' title='bbox 1291 679 1468 723; x_wconf 89' lang='lat' dir='ltr'><strong>gestus,</strong></span> 
     </span>
     <span class='ocr_line' id='line_1_8' title="bbox 161 735 1472 791; baseline 0.002 -10"><span class='ocrx_word' id='word_1_50' title='bbox 161 748 336 789; x_wconf 87' lang='lat' dir='ltr'><strong>motus,</strong></span> <span class='ocrx_word' id='word_1_51' title='bbox 368 736 597 791; x_wconf 89' lang='lat' dir='ltr'><strong>plurimum</strong></span> <span class='ocrx_word' id='word_1_52' title='bbox 632 738 813 780; x_wconf 88' lang='lat' dir='ltr'><strong>habebat</strong></span> <span class='ocrx_word' id='word_1_53' title='bbox 840 735 1025 779; x_wconf 85' lang='lat' dir='ltr'><strong>decoris.</strong></span> <span class='ocrx_word' id='word_1_54' title='bbox 1085 736 1331 782; x_wconf 85' lang='lat' dir='ltr'><strong>Accedebat</strong></span> <span class='ocrx_word' id='word_1_55' title='bbox 1354 754 1472 784; x_wconf 87' lang='lat' dir='ltr'><strong>acer-</strong></span> 
     </span>
     <span class='ocr_line' id='line_1_9' title="bbox 162 805 1473 862; baseline 0.002 -10"><span class='ocrx_word' id='word_1_56' title='bbox 162 810 294 852; x_wconf 89' lang='lat' dir='ltr'><strong>rimus</strong></span> <span class='ocrx_word' id='word_1_57' title='bbox 325 808 465 862; x_wconf 90' lang='lat' dir='ltr'><strong>pulcri</strong></span> <span class='ocrx_word' id='word_1_58' title='bbox 495 809 671 862; x_wconf 86' lang='lat' dir='ltr'><strong>verique</strong></span> <span class='ocrx_word' id='word_1_59' title='bbox 702 821 854 852; x_wconf 86' lang='lat' dir='ltr'><strong>sensus</strong></span> <span class='ocrx_word' id='word_1_60' title='bbox 872 838 887 860; x_wconf 91' lang='lat'><strong>,</strong></span> <span class='ocrx_word' id='word_1_61' title='bbox 920 805 1023 848; x_wconf 90' lang='lat' dir='ltr'><strong>mira</strong></span> <span class='ocrx_word' id='word_1_62' title='bbox 1050 810 1226 854; x_wconf 90' lang='lat' dir='ltr'><strong>comitas</strong></span> <span class='ocrx_word' id='word_1_63' title='bbox 1255 823 1296 854; x_wconf 91' lang='lat' dir='ltr'><strong>et</strong></span> <span class='ocrx_word' id='word_1_64' title='bbox 1325 813 1473 856; x_wconf 83' lang='lat' dir='ltr'><strong>affabi-</strong></span> 
     </span>
     <span class='ocr_line' id='line_1_10' title="bbox 161 877 1473 940; baseline 0.003 -16"><span class='ocrx_word' id='word_1_65' title='bbox 161 882 257 926; x_wconf 84' lang='lat' dir='ltr'><strong>litas</strong></span> <span class='ocrx_word' id='word_1_66' title='bbox 275 913 290 934; x_wconf 89' lang='lat'><strong>‚</strong></span> <span class='ocrx_word' id='word_1_67' title='bbox 338 894 415 923; x_wconf 82' lang='lat' dir='ltr'><strong>nec</strong></span> <span class='ocrx_word' id='word_1_68' title='bbox 468 879 607 922; x_wconf 91' lang='lat' dir='ltr'><strong>minor</strong></span> <span class='ocrx_word' id='word_1_69' title='bbox 656 878 866 922; x_wconf 88' lang='lat' dir='ltr'><strong>sermonis</strong></span> <span class='ocrx_word' id='word_1_70' title='bbox 919 877 1092 930; x_wconf 91' lang='lat' dir='ltr'><strong>orisque</strong></span> <span class='ocrx_word' id='word_1_71' title='bbox 1129 886 1473 940; x_wconf 82' lang='lat' dir='ltr'><strong>commendatio;</strong></span> 
     </span>
     <span class='ocr_line' id='line_1_11' title="bbox 166 948 1478 1008; baseline -0.001 -10"><span class='ocrx_word' id='word_1_72' title='bbox 166 954 305 998; x_wconf 83' lang='lat' dir='ltr'><strong>omnia</strong></span> <span class='ocrx_word' id='word_1_73' title='bbox 331 955 353 995; x_wconf 72' lang='lat' dir='ltr'><strong>a</strong></span> <span class='ocrx_word' id='word_1_74' title='bbox 378 964 527 995; x_wconf 89' lang='lat' dir='ltr'><strong>natura</strong></span> <span class='ocrx_word' id='word_1_75' title='bbox 549 952 740 1006; x_wconf 91' lang='lat' dir='ltr'><strong>tributa,</strong></span> <span class='ocrx_word' id='word_1_76' title='bbox 767 952 828 995; x_wconf 88' lang='lat' dir='ltr'><strong>nil</strong></span> <span class='ocrx_word' id='word_1_77' title='bbox 853 948 994 993; x_wconf 89' lang='lat' dir='ltr'><strong>studio</strong></span> <span class='ocrx_word' id='word_1_78' title='bbox 1020 949 1276 1002; x_wconf 87' lang='lat' dir='ltr'><strong>quaesitum.</strong></span> <span class='ocrx_word' id='word_1_79' title='bbox 1339 955 1478 1008; x_wconf 88' lang='lat' dir='ltr'><strong>Igitur</strong></span> 
     </span>
     <span class='ocr_line' id='line_1_12' title="bbox 168 1021 1477 1082; baseline -0.002 -12"><span class='ocrx_word' id='word_1_80' title='bbox 168 1026 293 1082; x_wconf 85' lang='lat' dir='ltr'><strong>pauci</strong></span> <span class='ocrx_word' id='word_1_81' title='bbox 321 1025 528 1076; x_wconf 86' lang='lat' dir='ltr'><strong>fuerunt,</strong></span> <span class='ocrx_word' id='word_1_82' title='bbox 562 1025 634 1076; x_wconf 91' lang='lat' dir='ltr'><strong>qui</strong></span> <span class='ocrx_word' id='word_1_83' title='bbox 665 1026 733 1067; x_wconf 86' lang='lat' dir='ltr'><strong>vel</strong></span> <span class='ocrx_word' id='word_1_84' title='bbox 766 1024 970 1065; x_wconf 85' lang='lat' dir='ltr'><strong>docentes</strong></span> <span class='ocrx_word' id='word_1_85' title='bbox 1002 1023 1072 1063; x_wconf 90' lang='lat' dir='ltr'><strong>vel</strong></span> <span class='ocrx_word' id='word_1_86' title='bbox 1101 1021 1289 1068; x_wconf 88' lang='lat' dir='ltr'><strong>dicentes</strong></span> <span class='ocrx_word' id='word_1_87' title='bbox 1319 1028 1477 1081; x_wconf 84' lang='lat' dir='ltr'><strong>majore</strong></span> 
     </span>
     <span class='ocr_line' id='line_1_13' title="bbox 166 1091 1481 1152; baseline -0.001 -10"><span class='ocrx_word' id='word_1_88' title='bbox 166 1112 262 1143; x_wconf 90' lang='lat' dir='ltr'><strong>cum</strong></span> <span class='ocrx_word' id='word_1_89' title='bbox 291 1099 512 1150; x_wconf 87' lang='lat' dir='ltr'><strong>voluptate</strong></span> <span class='ocrx_word' id='word_1_90' title='bbox 537 1105 578 1136; x_wconf 92' lang='lat' dir='ltr'><strong>et</strong></span> <span class='ocrx_word' id='word_1_91' title='bbox 604 1093 820 1136; x_wconf 84' lang='lat' dir='ltr'><strong>facultatis</strong></span> <span class='ocrx_word' id='word_1_92' title='bbox 845 1091 1048 1144; x_wconf 89' lang='lat' dir='ltr'><strong>opinione</strong></span> <span class='ocrx_word' id='word_1_93' title='bbox 1073 1095 1344 1140; x_wconf 84' lang='lat' dir='ltr'><strong>audirentur:</strong></span> <span class='ocrx_word' id='word_1_94' title='bbox 1372 1112 1481 1152; x_wconf 90' lang='lat' dir='ltr'><strong>pau-</strong></span> 
     </span>
     <span class='ocr_line' id='line_1_14' title="bbox 169 1162 1477 1225; baseline 0.003 -15"><span class='ocrx_word' id='word_1_95' title='bbox 169 1169 239 1221; x_wconf 89' lang='lat' dir='ltr'><strong>ci,</strong></span> <span class='ocrx_word' id='word_1_96' title='bbox 285 1179 464 1220; x_wconf 89' lang='lat' dir='ltr'><strong>quorum</strong></span> <span class='ocrx_word' id='word_1_97' title='bbox 501 1166 700 1221; x_wconf 88' lang='lat' dir='ltr'><strong>privatim</strong></span> <span class='ocrx_word' id='word_1_98' title='bbox 733 1162 933 1208; x_wconf 87' lang='lat' dir='ltr'><strong>sodalitas</strong></span> <span class='ocrx_word' id='word_1_99' title='bbox 970 1175 1010 1206; x_wconf 91' lang='lat' dir='ltr'><strong>et</strong></span> <span class='ocrx_word' id='word_1_100' title='bbox 1045 1169 1312 1212; x_wconf 82' lang='lat' dir='ltr'><strong>consuetudo</strong></span> <span class='ocrx_word' id='word_1_101' title='bbox 1346 1173 1477 1225; x_wconf 89' lang='lat' dir='ltr'><strong>vulgo</strong></span> 
     </span>
     <span class='ocr_line' id='line_1_15' title="bbox 169 1234 1487 1295; baseline 0.002 -13"><span class='ocrx_word' id='word_1_102' title='bbox 169 1240 301 1295; x_wconf 88' lang='lat' dir='ltr'><strong>magis</strong></span> <span class='ocrx_word' id='word_1_103' title='bbox 338 1247 624 1292; x_wconf 83' lang='lat' dir='ltr'><strong>expeteretur.</strong></span> <span class='ocrx_word' id='word_1_104' title='bbox 685 1236 812 1280; x_wconf 91' lang='lat' dir='ltr'><strong>Unde</strong></span> <span class='ocrx_word' id='word_1_105' title='bbox 843 1234 1035 1290; x_wconf 85' lang='lat' dir='ltr'><strong>factum,</strong></span> <span class='ocrx_word' id='word_1_106' title='bbox 1079 1247 1127 1281; x_wconf 91' lang='lat' dir='ltr'><strong>ut</strong></span> <span class='ocrx_word' id='word_1_107' title='bbox 1153 1238 1314 1283; x_wconf 89' lang='lat' dir='ltr'><strong>Literis</strong></span> <span class='ocrx_word' id='word_1_108' title='bbox 1350 1241 1487 1284; x_wconf 83' lang='lat' dir='ltr'><strong>desti·</strong></span> 
     </span>
     <span class='ocr_line' id='line_1_16' title="bbox 172 1305 1482 1365; baseline -0.001 -10"><span class='ocrx_word' id='word_1_109' title='bbox 172 1311 260 1355; x_wconf 90' lang='lat' dir='ltr'><strong>nati</strong></span> <span class='ocrx_word' id='word_1_110' title='bbox 289 1310 365 1354; x_wconf 90' lang='lat' dir='ltr'><strong>otii</strong></span> <span class='ocrx_word' id='word_1_111' title='bbox 382 1312 593 1353; x_wconf 85' lang='lat' dir='ltr'><strong>nonnulla</strong></span> <span class='ocrx_word' id='word_1_112' title='bbox 617 1321 714 1365; x_wconf 87' lang='lat' dir='ltr'><strong>pars</strong></span> <span class='ocrx_word' id='word_1_113' title='bbox 738 1306 777 1349; x_wconf 88' lang='lat' dir='ltr'><strong>ei</strong></span> <span class='ocrx_word' id='word_1_114' title='bbox 801 1305 985 1361; x_wconf 85' lang='lat' dir='ltr'><strong>periret,</strong></span> <span class='ocrx_word' id='word_1_115' title='bbox 1017 1319 1224 1363; x_wconf 90' lang='lat' dir='ltr'><strong>occupata</strong></span> <span class='ocrx_word' id='word_1_116' title='bbox 1248 1313 1482 1356; x_wconf 84' lang='lat' dir='ltr'><strong>extraordi-</strong></span> 
     </span>
     <span class='ocr_line' id='line_1_17' title="bbox 173 1380 1570 1448; baseline 0.001 -22"><span class='ocrx_word' id='word_1_117' title='bbox 173 1383 302 1428; x_wconf 88' lang='lat' dir='ltr'><strong>nariis</strong></span> <span class='ocrx_word' id='word_1_118' title='bbox 326 1383 503 1436; x_wconf 71' lang='lat' dir='ltr'><strong>officiis,</strong></span> <span class='ocrx_word' id='word_1_119' title='bbox 523 1395 653 1436; x_wconf 89' lang='lat' dir='ltr'><strong>quum</strong></span> <span class='ocrx_word' id='word_1_120' title='bbox 668 1414 683 1435; x_wconf 92' lang='lat'><strong>,</strong></span> <span class='ocrx_word' id='word_1_121' title='bbox 701 1393 777 1436; x_wconf 88' lang='lat' dir='ltr'><strong>per</strong></span> <span class='ocrx_word' id='word_1_122' title='bbox 800 1389 972 1423; x_wconf 87' lang='lat' dir='ltr'><strong>naturae</strong></span> <span class='ocrx_word' id='word_1_123' title='bbox 997 1380 1288 1427; x_wconf 82' lang='lat' dir='ltr'><strong>liberalitatem</strong></span> <span class='ocrx_word' id='word_1_124' title='bbox 1307 1415 1323 1437; x_wconf 96' lang='lat'><strong>,</strong></span> <span class='ocrx_word' id='word_1_125' title='bbox 1345 1385 1570 1448; x_wconf 83' lang='lat' dir='ltr'><strong>ipsius209</strong></span> 
     </span>
     <span class='ocr_line' id='line_1_18' title="bbox 177 1453 1484 1512; baseline 0.003 -15"><span class='ocrx_word' id='word_1_126' title='bbox 177 1454 346 1510; x_wconf 82' lang='lat' dir='ltr'><strong>cupidis</strong></span> <span class='ocrx_word' id='word_1_127' title='bbox 370 1467 416 1496; x_wconf 92' lang='lat' dir='ltr'><strong>ac</strong></span> <span class='ocrx_word' id='word_1_128' title='bbox 441 1453 692 1507; x_wconf 87' lang='lat' dir='ltr'><strong>rogantibus</strong></span> <span class='ocrx_word' id='word_1_129' title='bbox 719 1454 866 1495; x_wconf 68' lang='lat' dir='ltr'><strong>deesse</strong></span> <span class='ocrx_word' id='word_1_130' title='bbox 892 1453 1048 1496; x_wconf 77' lang='lat' dir='ltr'><strong>nollet.</strong></span> <span class='ocrx_word' id='word_1_131' title='bbox 1109 1454 1247 1510; x_wconf 90' lang='lat' dir='ltr'><strong>Quam</strong></span> <span class='ocrx_word' id='word_1_132' title='bbox 1277 1458 1484 1512; x_wconf 88' lang='lat' dir='ltr'><strong>jacturam</strong></span> 
     </span>
     <span class='ocr_line' id='line_1_19' title="bbox 177 1524 1484 1584; baseline 0.004 -16"><span class='ocrx_word' id='word_1_133' title='bbox 177 1537 456 1580; x_wconf 89' lang='lat' dir='ltr'><strong>compensare</strong></span> <span class='ocrx_word' id='word_1_134' title='bbox 485 1537 730 1579; x_wconf 86' lang='lat' dir='ltr'><strong>aggressum</strong></span> <span class='ocrx_word' id='word_1_135' title='bbox 747 1553 762 1576; x_wconf 89' lang='lat'><strong>,</strong></span> <span class='ocrx_word' id='word_1_136' title='bbox 787 1524 1009 1566; x_wconf 88' lang='lat' dir='ltr'><strong>Meidanio</strong></span> <span class='ocrx_word' id='word_1_137' title='bbox 1030 1555 1045 1576; x_wconf 88' lang='lat'><strong>,</strong></span> <span class='ocrx_word' id='word_1_138' title='bbox 1068 1526 1209 1568; x_wconf 88' lang='lat' dir='ltr'><strong>Arabe</strong></span> <span class='ocrx_word' id='word_1_139' title='bbox 1233 1528 1451 1582; x_wconf 88' lang='lat' dir='ltr'><strong>Scriptore</strong></span> <span class='ocrx_word' id='word_1_140' title='bbox 1466 1562 1484 1584; x_wconf 90' lang='lat'><strong>,</strong></span> 
     </span>
     <span class='ocr_line' id='line_1_20' title="bbox 182 1595 1484 1656; baseline 0.005 -18"><span class='ocrx_word' id='word_1_141' title='bbox 182 1609 307 1651; x_wconf 89' lang='lat' dir='ltr'><strong>quem</strong></span> <span class='ocrx_word' id='word_1_142' title='bbox 335 1596 493 1639; x_wconf 88' lang='lat' dir='ltr'><strong>dudum</strong></span> <span class='ocrx_word' id='word_1_143' title='bbox 519 1597 570 1638; x_wconf 89' lang='lat' dir='ltr'><strong>ad</strong></span> <span class='ocrx_word' id='word_1_144' title='bbox 600 1595 825 1639; x_wconf 87' lang='lat' dir='ltr'><strong>editionem</strong></span> <span class='ocrx_word' id='word_1_145' title='bbox 857 1596 1139 1650; x_wconf 86' lang='lat' dir='ltr'><strong>instruxerat,</strong></span> <span class='ocrx_word' id='word_1_146' title='bbox 1173 1600 1334 1642; x_wconf 89' lang='lat' dir='ltr'><strong>edendo</strong></span> <span class='ocrx_word' id='word_1_147' title='bbox 1353 1632 1367 1652; x_wconf 94' lang='lat'><strong>,</strong></span> <span class='ocrx_word' id='word_1_148' title='bbox 1399 1603 1484 1656; x_wconf 86' lang='lat' dir='ltr'><strong>jam</strong></span> 
     </span>
     <span class='ocr_line' id='line_1_21' title="bbox 178 1666 1490 1725; baseline 0.004 -15"><span class='ocrx_word' id='word_1_149' title='bbox 178 1666 473 1720; x_wconf 85' lang='lat' dir='ltr'><strong>compluribus</strong></span> <span class='ocrx_word' id='word_1_150' title='bbox 497 1666 680 1721; x_wconf 87' lang='lat' dir='ltr'><strong>plagulis</strong></span> <span class='ocrx_word' id='word_1_151' title='bbox 703 1667 1029 1721; x_wconf 85' lang='lat' dir='ltr'><strong>excusis,mors</strong></span> <span class='ocrx_word' id='word_1_152' title='bbox 1054 1682 1149 1712; x_wconf 88' lang='lat' dir='ltr'><strong>eum</strong></span> <span class='ocrx_word' id='word_1_153' title='bbox 1174 1681 1360 1725; x_wconf 87' lang='lat' dir='ltr'><strong>occupat</strong></span> <span class='ocrx_word' id='word_1_154' title='bbox 1381 1685 1490 1725; x_wconf 83' lang='lat' dir='ltr'><strong>qua-</strong></span> 
     </span>
     <span class='ocr_line' id='line_1_22' title="bbox 178 1739 926 1793; baseline 0.001 -11"><span class='ocrx_word' id='word_1_155' title='bbox 178 1739 414 1793; x_wconf 87' lang='lat' dir='ltr'><strong>dragesimo</strong></span> <span class='ocrx_word' id='word_1_156' title='bbox 445 1749 596 1792; x_wconf 85' lang='lat' dir='ltr'><strong>quarto</strong></span> <span class='ocrx_word' id='word_1_157' title='bbox 621 1740 768 1782; x_wconf 86' lang='lat' dir='ltr'><strong>aetatis</strong></span> <span class='ocrx_word' id='word_1_158' title='bbox 798 1753 926 1783; x_wconf 86' lang='lat' dir='ltr'><strong>anno.</strong></span> 
     </span>
    </p>

    <p class='ocr_par' dir='ltr' id='par_1_3' title="bbox 182 1810 1506 2649">
     <span class='ocr_line' id='line_1_23' title="bbox 237 1810 1487 1868; baseline 0.004 -16"><span class='ocrx_word' id='word_1_159' title='bbox 237 1811 562 1854; x_wconf 85' lang='lat' dir='ltr'><strong>Nieuwlandius</strong></span> <span class='ocrx_word' id='word_1_160' title='bbox 605 1810 706 1854; x_wconf 86' lang='lat' dir='ltr'><strong>item</strong></span> <span class='ocrx_word' id='word_1_161' title='bbox 754 1811 907 1855; x_wconf 88' lang='lat' dir='ltr'><strong>unicus</strong></span> <span class='ocrx_word' id='word_1_162' title='bbox 941 1823 1163 1867; x_wconf 86' lang='lat' dir='ltr'><strong>parentum</strong></span> <span class='ocrx_word' id='word_1_163' title='bbox 1209 1823 1295 1856; x_wconf 84' lang='lat' dir='ltr'><strong>erat</strong></span> <span class='ocrx_word' id='word_1_164' title='bbox 1330 1825 1487 1868; x_wconf 85' lang='lat' dir='ltr'><strong>natus,</strong></span> 
     </span>
     <span class='ocr_line' id='line_1_24' title="bbox 183 1882 1493 1941; baseline 0.002 -15"><span class='ocrx_word' id='word_1_165' title='bbox 183 1884 258 1926; x_wconf 89' lang='lat' dir='ltr'><strong>sed</strong></span> <span class='ocrx_word' id='word_1_166' title='bbox 288 1882 473 1924; x_wconf 88' lang='lat' dir='ltr'><strong>obscuro</strong></span> <span class='ocrx_word' id='word_1_167' title='bbox 512 1895 692 1936; x_wconf 85' lang='lat' dir='ltr'><strong>genere,</strong></span> <span class='ocrx_word' id='word_1_168' title='bbox 724 1894 900 1937; x_wconf 81' lang='lat' dir='ltr'><strong>angusta</strong></span> <span class='ocrx_word' id='word_1_169' title='bbox 930 1884 975 1927; x_wconf 90' lang='lat' dir='ltr'><strong>in</strong></span> <span class='ocrx_word' id='word_1_170' title='bbox 1008 1897 1083 1937; x_wconf 89' lang='lat' dir='ltr'><strong>re,</strong></span> <span class='ocrx_word' id='word_1_171' title='bbox 1115 1895 1233 1938; x_wconf 87' lang='lat' dir='ltr'><strong>patre</strong></span> <span class='ocrx_word' id='word_1_172' title='bbox 1257 1885 1378 1929; x_wconf 85' lang='lat' dir='ltr'><strong>fabro</strong></span> <span class='ocrx_word' id='word_1_173' title='bbox 1411 1888 1493 1941; x_wconf 86' lang='lat' dir='ltr'><strong>tig-</strong></span> 
     </span>
     <span class='ocr_line' id='line_1_25' title="bbox 182 1951 1494 2012; baseline 0.001 -13"><span class='ocrx_word' id='word_1_174' title='bbox 182 1955 302 2000; x_wconf 88' lang='lat' dir='ltr'><strong>nario</strong></span> <span class='ocrx_word' id='word_1_175' title='bbox 342 1953 386 1996; x_wconf 88' lang='lat' dir='ltr'><strong>in</strong></span> <span class='ocrx_word' id='word_1_176' title='bbox 411 1951 795 1995; x_wconf 86' lang='lat' dir='ltr'><strong>Amstelodamensi</strong></span> <span class='ocrx_word' id='word_1_177' title='bbox 820 1966 952 2008; x_wconf 82' lang='lat' dir='ltr'><strong>agro,</strong></span> <span class='ocrx_word' id='word_1_178' title='bbox 991 1954 1163 1999; x_wconf 89' lang='lat' dir='ltr'><strong>homine</strong></span> <span class='ocrx_word' id='word_1_179' title='bbox 1186 1957 1356 2011; x_wconf 73' lang='lat' dir='ltr'><strong>probo,</strong></span> <span class='ocrx_word' id='word_1_180' title='bbox 1386 1972 1494 2012; x_wconf 80' lang='lat' dir='ltr'><strong>pue-</strong></span> 
     </span>
     <span class='ocr_line' id='line_1_26' title="bbox 188 2022 1494 2080; baseline 0.002 -11"><span class='ocrx_word' id='word_1_181' title='bbox 188 2029 309 2069; x_wconf 87' lang='lat' dir='ltr'><strong>rulus</strong></span> <span class='ocrx_word' id='word_1_182' title='bbox 349 2038 396 2068; x_wconf 90' lang='lat' dir='ltr'><strong>ac</strong></span> <span class='ocrx_word' id='word_1_183' title='bbox 425 2036 558 2077; x_wconf 89' lang='lat' dir='ltr'><strong>paene</strong></span> <span class='ocrx_word' id='word_1_184' title='bbox 586 2022 725 2066; x_wconf 89' lang='lat' dir='ltr'><strong>infans</strong></span> <span class='ocrx_word' id='word_1_185' title='bbox 742 2055 758 2079; x_wconf 89' lang='lat'><strong>,</strong></span> <span class='ocrx_word' id='word_1_186' title='bbox 804 2024 849 2068; x_wconf 88' lang='lat' dir='ltr'><strong>in</strong></span> <span class='ocrx_word' id='word_1_187' title='bbox 877 2026 1082 2078; x_wconf 88' lang='lat' dir='ltr'><strong>quosdam</strong></span> <span class='ocrx_word' id='word_1_188' title='bbox 1109 2027 1243 2080; x_wconf 86' lang='lat' dir='ltr'><strong>patris</strong></span> <span class='ocrx_word' id='word_1_189' title='bbox 1266 2028 1403 2071; x_wconf 81' lang='lat' dir='ltr'><strong>libros</strong></span> <span class='ocrx_word' id='word_1_190' title='bbox 1428 2029 1494 2072; x_wconf 90' lang='lat' dir='ltr'><strong>in-</strong></span> 
     </span>
     <span class='ocr_line' id='line_1_27' title="bbox 187 2095 1494 2156; baseline 0.003 -16"><span class='ocrx_word' id='word_1_191' title='bbox 187 2098 367 2150; x_wconf 85' lang='lat' dir='ltr'><strong>cidens,</strong></span> <span class='ocrx_word' id='word_1_192' title='bbox 407 2095 510 2138; x_wconf 89' lang='lat' dir='ltr'><strong>mira</strong></span> <span class='ocrx_word' id='word_1_193' title='bbox 545 2095 775 2150; x_wconf 90' lang='lat' dir='ltr'><strong>cupiditate</strong></span> <span class='ocrx_word' id='word_1_194' title='bbox 812 2108 887 2138; x_wconf 87' lang='lat' dir='ltr'><strong>eos</strong></span> <span class='ocrx_word' id='word_1_195' title='bbox 922 2095 1049 2151; x_wconf 85' lang='lat' dir='ltr'><strong>legit:</strong></span> <span class='ocrx_word' id='word_1_196' title='bbox 1091 2097 1218 2153; x_wconf 91' lang='lat' dir='ltr'><strong>inde,</strong></span> <span class='ocrx_word' id='word_1_197' title='bbox 1265 2101 1386 2153; x_wconf 88' lang='lat' dir='ltr'><strong>quasi</strong></span> <span class='ocrx_word' id='word_1_198' title='bbox 1417 2115 1494 2156; x_wconf 83' lang='lat' dir='ltr'><strong>per</strong></span> 
     </span>
     <span class='ocr_line' id='line_1_28' title="bbox 186 2165 1499 2222; baseline 0.005 -13"><span class='ocrx_word' id='word_1_199' title='bbox 186 2171 329 2211; x_wconf 87' lang='lat' dir='ltr'><strong>lusum</strong></span> <span class='ocrx_word' id='word_1_200' title='bbox 346 2198 361 2220; x_wconf 95' lang='lat'><strong>,</strong></span> <span class='ocrx_word' id='word_1_201' title='bbox 392 2167 514 2209; x_wconf 86' lang='lat' dir='ltr'><strong>solus</strong></span> <span class='ocrx_word' id='word_1_202' title='bbox 539 2178 618 2207; x_wconf 90' lang='lat' dir='ltr'><strong>suo</strong></span> <span class='ocrx_word' id='word_1_203' title='bbox 641 2165 734 2220; x_wconf 89' lang='lat' dir='ltr'><strong>ipse</strong></span> <span class='ocrx_word' id='word_1_204' title='bbox 758 2167 928 2222; x_wconf 87' lang='lat' dir='ltr'><strong>ingenio</strong></span> <span class='ocrx_word' id='word_1_205' title='bbox 951 2168 1098 2211; x_wconf 83' lang='lat' dir='ltr'><strong>didicit</strong></span> <span class='ocrx_word' id='word_1_206' title='bbox 1125 2169 1359 2218; x_wconf 80' lang='lat' dir='ltr'><strong>Historiam</strong></span> <span class='ocrx_word' id='word_1_207' title='bbox 1385 2174 1499 2216; x_wconf 88' lang='lat' dir='ltr'><strong>Uni-</strong></span> 
     </span>
     <span class='ocr_line' id='line_1_29' title="bbox 190 2236 1498 2298; baseline 0.003 -17"><span class='ocrx_word' id='word_1_208' title='bbox 190 2251 350 2282; x_wconf 87' lang='lat' dir='ltr'><strong>versam</strong></span> <span class='ocrx_word' id='word_1_209' title='bbox 370 2268 385 2290; x_wconf 93' lang='lat'><strong>,</strong></span> <span class='ocrx_word' id='word_1_210' title='bbox 418 2236 704 2280; x_wconf 87' lang='lat' dir='ltr'><strong>Geometriam</strong></span> <span class='ocrx_word' id='word_1_211' title='bbox 721 2268 736 2290; x_wconf 93' lang='lat'><strong>,</strong></span> <span class='ocrx_word' id='word_1_212' title='bbox 769 2252 920 2282; x_wconf 89' lang='lat' dir='ltr'><strong>versus</strong></span> <span class='ocrx_word' id='word_1_213' title='bbox 948 2252 1122 2294; x_wconf 89' lang='lat' dir='ltr'><strong>quoque</strong></span> <span class='ocrx_word' id='word_1_214' title='bbox 1145 2241 1321 2284; x_wconf 83' lang='lat' dir='ltr'><strong>fundere</strong></span> <span class='ocrx_word' id='word_1_215' title='bbox 1357 2244 1498 2298; x_wconf 84' lang='lat' dir='ltr'><strong>Belgi-</strong></span> 
     </span>
     <span class='ocr_line' id='line_1_30' title="bbox 193 2307 1501 2368; baseline 0.006 -18"><span class='ocrx_word' id='word_1_216' title='bbox 193 2321 269 2351; x_wconf 87' lang='lat' dir='ltr'><strong>cos</strong></span> <span class='ocrx_word' id='word_1_217' title='bbox 301 2307 543 2362; x_wconf 89' lang='lat' dir='ltr'><strong>probabiles</strong></span> <span class='ocrx_word' id='word_1_218' title='bbox 578 2321 755 2352; x_wconf 88' lang='lat' dir='ltr'><strong>nurnero</strong></span> <span class='ocrx_word' id='word_1_219' title='bbox 787 2321 829 2353; x_wconf 88' lang='lat' dir='ltr'><strong>et</strong></span> <span class='ocrx_word' id='word_1_220' title='bbox 863 2312 1068 2355; x_wconf 86' lang='lat' dir='ltr'><strong>acumine.</strong></span> <span class='ocrx_word' id='word_1_221' title='bbox 1128 2313 1268 2368; x_wconf 89' lang='lat' dir='ltr'><strong>Cujus</strong></span> <span class='ocrx_word' id='word_1_222' title='bbox 1305 2313 1364 2354; x_wconf 87' lang='lat' dir='ltr'><strong>rei</strong></span> <span class='ocrx_word' id='word_1_223' title='bbox 1390 2313 1501 2358; x_wconf 81' lang='lat' dir='ltr'><strong>fama</strong></span> 
     </span>
     <span class='ocr_line' id='line_1_31' title="bbox 198 2378 1503 2432; baseline 0.005 -10"><span class='ocrx_word' id='word_1_224' title='bbox 198 2379 366 2422; x_wconf 87' lang='lat' dir='ltr'><strong>excitati</strong></span> <span class='ocrx_word' id='word_1_225' title='bbox 396 2392 493 2421; x_wconf 90' lang='lat' dir='ltr'><strong>cum</strong></span> <span class='ocrx_word' id='word_1_226' title='bbox 520 2378 765 2432; x_wconf 84' lang='lat' dir='ltr'><strong>frequentes</strong></span> <span class='ocrx_word' id='word_1_227' title='bbox 789 2393 841 2422; x_wconf 82' lang='lat' dir='ltr'><strong>ex</strong></span> <span class='ocrx_word' id='word_1_228' title='bbox 873 2382 980 2424; x_wconf 91' lang='lat' dir='ltr'><strong>urbe</strong></span> <span class='ocrx_word' id='word_1_229' title='bbox 1013 2382 1207 2425; x_wconf 87' lang='lat' dir='ltr'><strong>homines</strong></span> <span class='ocrx_word' id='word_1_230' title='bbox 1230 2383 1424 2428; x_wconf 86' lang='lat' dir='ltr'><strong>venirent</strong></span> <span class='ocrx_word' id='word_1_231' title='bbox 1450 2386 1503 2429; x_wconf 87' lang='lat' dir='ltr'><strong>ad</strong></span> 
     </span>
     <span class='ocr_line' id='line_1_32' title="bbox 199 2450 1502 2509; baseline 0.005 -15"><span class='ocrx_word' id='word_1_232' title='bbox 199 2465 322 2504; x_wconf 87' lang='lat' dir='ltr'><strong>eum,</strong></span> <span class='ocrx_word' id='word_1_233' title='bbox 356 2462 565 2504; x_wconf 87' lang='lat' dir='ltr'><strong>tamquam</strong></span> <span class='ocrx_word' id='word_1_234' title='bbox 583 2450 862 2503; x_wconf 81' lang='lat' dir='ltr'><strong>miraculum,</strong></span> <span class='ocrx_word' id='word_1_235' title='bbox 893 2455 1198 2505; x_wconf 79' lang='lat' dir='ltr'><strong>spectandum3</strong></span> <span class='ocrx_word' id='word_1_236' title='bbox 1231 2455 1363 2509; x_wconf 83' lang='lat' dir='ltr'><strong>magis</strong></span> <span class='ocrx_word' id='word_1_237' title='bbox 1375 2456 1502 2500; x_wconf 72' lang='lat' dir='ltr'><strong>etiam</strong></span> 
     </span>
     <span class='ocr_line' id='line_1_33' title="bbox 198 2521 1502 2579; baseline 0.003 -12"><span class='ocrx_word' id='word_1_238' title='bbox 198 2523 439 2567; x_wconf 85' lang='lat' dir='ltr'><strong>admirabile</strong></span> <span class='ocrx_word' id='word_1_239' title='bbox 475 2522 584 2576; x_wconf 88' lang='lat' dir='ltr'><strong>fuit,</strong></span> <span class='ocrx_word' id='word_1_240' title='bbox 617 2521 734 2574; x_wconf 89' lang='lat' dir='ltr'><strong>quod</strong></span> <span class='ocrx_word' id='word_1_241' title='bbox 764 2533 898 2573; x_wconf 88' lang='lat' dir='ltr'><strong>puer,</strong></span> <span class='ocrx_word' id='word_1_242' title='bbox 933 2536 1130 2575; x_wconf 87' lang='lat' dir='ltr'><strong>praesens</strong></span> <span class='ocrx_word' id='word_1_243' title='bbox 1157 2526 1179 2567; x_wconf 72' lang='lat' dir='ltr'><strong>a</strong></span> <span class='ocrx_word' id='word_1_244' title='bbox 1206 2527 1502 2579; x_wconf 87' lang='lat' dir='ltr'><strong>praesentibus</strong></span> 
     </span>
     <span class='ocr_line' id='line_1_34' title="bbox 203 2592 1506 2649; baseline 0.004 -11"><span class='ocrx_word' id='word_1_245' title='bbox 203 2595 353 2639; x_wconf 87' lang='lat' dir='ltr'><strong>mirum</strong></span> <span class='ocrx_word' id='word_1_246' title='bbox 375 2594 417 2640; x_wconf 87' lang='lat' dir='ltr'><strong>in</strong></span> <span class='ocrx_word' id='word_1_247' title='bbox 439 2594 610 2639; x_wconf 86' lang='lat' dir='ltr'><strong>modum</strong></span> <span class='ocrx_word' id='word_1_248' title='bbox 634 2592 871 2637; x_wconf 57' lang='lat' dir='ltr'><strong>celebratus</strong></span> <span class='ocrx_word' id='word_1_249' title='bbox 888 2624 905 2649; x_wconf 82' lang='lat'><strong>,</strong></span> <span class='ocrx_word' id='word_1_250' title='bbox 937 2594 1043 2639; x_wconf 85' lang='lat' dir='ltr'><strong>nihil</strong></span> <span class='ocrx_word' id='word_1_251' title='bbox 1064 2594 1158 2640; x_wconf 88' lang='lat' dir='ltr'><strong>inde</strong></span> <span class='ocrx_word' id='word_1_252' title='bbox 1177 2597 1373 2642; x_wconf 86' lang='lat' dir='ltr'><strong>vanitatis</strong></span> <span class='ocrx_word' id='word_1_253' title='bbox 1400 2613 1506 2643; x_wconf 86' lang='lat' dir='ltr'><strong>con-</strong></span> 
     </span>
    </p>
   </div>
   <div class='ocr_carea' id='block_1_3' title="bbox 1444 2685 1504 2713">
    <p class='ocr_par' dir='ltr' id='par_1_4' title="bbox 1444 2685 1504 2713">
     <span class='ocr_line' id='line_1_35' title="bbox 1444 2685 1504 2713; baseline 0 0"><span class='ocrx_word' id='word_1_254' title='bbox 1444 2685 1504 2713; x_wconf 76' lang='lat' dir='ltr'><strong>cl-</strong></span> 
     </span>
    </p>
   </div>
   <div class='ocr_carea' id='block_1_4' title="bbox 1856 0 1879 336">
    <p class='ocr_par' dir='ltr' id='par_1_5' title="bbox 1856 0 1879 336">
     <span class='ocr_line' id='line_1_36' title="bbox 1856 0 1879 336; baseline 0 2824"><span class='ocrx_word' id='word_1_255' title='bbox 1856 0 1879 336; x_wconf 95' lang='lat' dir='ltr'><strong> </strong></span> 
     </span>
    </p>
   </div>
  </div>
 </body>
</html>
