1879 3160
338 190 690 238 ELOGIUM
731 191 1339 241 I-IEMSTERHUSII.
1412 211 1499 256 315

195 328 292 361 nem
324 329 346 359 e
383 315 652 371 grammatico
679 328 832 370 genere
858 330 979 360 unam
1001 318 1188 362 omnium
1211 317 1498 365 difficillimam

197 398 240 432 et
268 388 614 433 obscurissimam
650 388 866 441 explicent
891 399 932 430 et
959 401 1070 432 nova
1097 392 1191 433 luce
1217 391 1495 446 perfundant.

250 460 302 502 P.
336 471 411 504 21.
469 457 581 500 Casu
624 457 802 513 quodam
838 457 1001 513 disjecta·
1041 471 1165 503 erant
1205 462 1393 519 publicae
1422 464 1496 505 Bi.

192 529 416 573 hliothecae
440 527 601 570 Codices
621 528 752 570 MSS.
781 539 888 570 caet.
909 531 928 585 ]
991 532 1173 576 Constat
1198 535 1273 578 hac
1297 537 1348 579 de
1377 549 1421 579 re
1444 549 1498 580 ex

191 600 328 655 ipsius
368 598 681 642 Hemsterhusii
731 599 873 643 verbis
912 602 955 644 in
1003 602 1142 645 Praef.
1185 605 1236 647 ad
1278 606 1500 650 Pollucem

187 684 236 725 p.
257 684 342 726 24,
374 680 484 716 extr.

245 741 360 786 Ibid.
415 740 596 784 Artibus
627 756 766 785 eorum
788 773 802 795 ,
846 744 921 799 qus·
933 772 950 795 ,
985 756 1035 785 ne
1071 745 1296 789 luminibus
1317 749 1402 789 suis
1428 745 1500 790 ob·

189 823 450 866 strueretur,
481 812 761 869 metuebant]
793 813 1095 868 Significantur
1119 829 1213 859 cum
1241 818 1310 860 alii
1334 817 1495 872 pauci,

189 895 279 927 tum
311 884 538 938 praecipue
565 883 617 926 P.
653 883 919 926 Burmannus
944 885 1124 939 Senior,
1155 896 1256 930 tunc
1284 888 1492 941 temporis

186 957 324 1010 Eloq.
361 955 495 1010 Ling·
530 954 690 997 Graec.
727 964 767 996 et
798 954 969 999 Histor.
1008 957 1262 1001 Professor:
1295 959 1340 1001 id
1374 960 1494 1012 quod

187 1040 239 1069 ex
267 1027 364 1081 ipso
399 1026 528 1080 hujus
565 1024 712 1077 Elogii
746 1025 958 1079 scriptore
985 1038 1077 1070 sese
1115 1026 1328 1070 audivisse
1363 1027 1497 1074 refert

178 1097 224 1152 J.
242 1096 301 1139 G.
317 1096 384 1137 Te
399 1095 602 1136 VVaterus
618 1093 712 1138 Vir.
729 1095 801 1138 Cl.
822 1096 866 1139 in
885 1098 1144 1141 Narratione
1169 1112 1299 1153 supra
1325 1100 1492 1143 laudata

183 1169 235 1209 de
258 1169 386 1210 rebus
410 1165 545 1208 Acad.
574 1165 791 1220 Lugduno
819 1165 999 1213 Batavae
1013 1171 1109 1213 Sec.
1127 1170 1288 1215 XVIII.
1316 1185 1362 1226 p.
1384 1186 1489 1216 212.

182 1241 386 1283 Ceterum
402 1269 418 1292 ‚
440 1237 698 1282 Graecarum
719 1239 957 1283 Literarum
978 1241 1199 1295 provincia
1215 1274 1229 1293 ‚
1258 1242 1489 1287 Gronovio

181 1310 359 1353 doctore
376 1310 522 1353 orbata
547 1322 587 1352 a.
608 1313 716 1365 1716
739 1324 882 1354 mense
900 1310 1121 1366 Octobre‚
1149 1326 1196 1357 ac
1222 1314 1488 1368 Burmann0‚

180 1389 229 1426 ut
256 1379 459 1434 videtur,
503 1381 670 1424 interim
696 1382 971 1433 demandata,
1002 1381 1102 1437 (cf.
1132 1383 1274 1427 eadem
1304 1384 1482 1429 Narrat.

181 1464 231 1505 p·
262 1463 340 1507 197
377 1462 418 1494 et
451 1455 592 1508 206.)
631 1455 796 1497 vacavit
827 1453 1119 1506 aliquamdiu,
1173 1466 1283 1496 anno
1318 1455 1490 1499 demum

185 1536 290 1574 1721
320 1524 615 1578 Havercampo
643 1525 766 1578 data3
799 1526 850 1567 de
891 1537 976 1578 quo
1013 1525 1143 1576 paulo
1176 1535 1278 1576 post
1304 1524 1347 1567 in
1370 1524 1493 1567 fami-

180 1594 356 1637 liaribus
391 1597 442 1638 ad
473 1595 826 1649 Oudendorpium
861 1593 1027 1646 literis,
1062 1607 1168 1647 quae
1208 1595 1383 1638 fuerunt
1411 1608 1492 1649 pe·

178 1679 254 1709 nes
285 1667 474 1709 eumdem
508 1666 573 1709 Te
603 1667 857 1719 &Vener-um,
895 1666 952 1709 ita
975 1666 1150 1719 scripsit
1181 1666 1272 1710 Th.
1301 1667 1484 1711 Sellius:

182 1767 208 1789 ,‚
240 1737 390 1793 Quid?
437 1738 553 1791 quod
587 1746 630 1779 et
676 1751 982 1792 nonnunquam
1025 1737 1275 1781 suavissime
1317 1749 1489 1794 tempus

180 1838 207 1862 „
238 1810 481 1852 triverimus
528 1807 787 1864 exagitandis
825 1809 1078 1862 quibusdam
1115 1809 1328 1854 minorum
1368 1809 1488 1853 Gen-

179 1911 206 1933 „
237 1881 343 1923 tium
373 1882 533 1924 criticis
559 1912 576 1934 ‚
625 1894 734 1935 quos
773 1881 881 1924 inter
922 1883 992 1924 vel
1032 1881 1342 1934 nugacissimus
1380 1882 1487 1925 mihi

177 1982 204 2004 „
235 1964 403 2005 semper
439 1952 558 1995 visus
610 1964 675 1995 est
715 1953 807 2008 Sig.
855 1953 925 1996 ille
959 1953 1312 2007 Haverkainpus‚
1356 1968 1484 2008 quem

175 2052 203 2075 ‚‚
234 2022 407 2065 Leidam
437 2041 494 2052 -
523 2035 721 2067 vocatum
758 2038 851 2067 esse
880 2051 933 2060 —
961 2025 1148 2080 cognovi
1184 2035 1225 2067 et
1259 2024 1487 2078 obstupui.

171 2123 198 2146 ,‚
234 2094 331 2149 Ego
363 2094 500 2148 enim,
536 2096 610 2150 qui
646 2096 862 2141 hominem
901 2097 1017 2141 intus
1057 2108 1098 2140 et
1127 2098 1170 2142 in
1209 2107 1307 2140 cute
1341 2097 1479 2149 novi,

174 2193 202 2216 ,‚
233 2178 312 2217 pro
367 2178 590 2220 comperto
639 2169 809 2222 habeo,
868 2168 975 2212 nihil
1000 2199 1016 2221 ,
1060 2169 1176 2222 quod
1211 2169 1385 2223 dignum
1424 2168 1483 2213 sit

175 2266 201 2288 „
230 2237 457 2281 Academia
489 2239 549 2282 L.
577 2238 665 2292 B.,
697 2239 748 2282 ab
786 2240 877 2295 ejus
919 2251 992 2281 ore
1027 2250 1100 2284 aut
1143 2243 1302 2283 calamo
1339 2239 1475 2292 profi·

171 2337 199 2362 „
228 2307 330 2349 cisci
358 2321 514 2361 posse:

227 2410 254 2432 „
286 2379 374 2434 Quo
406 2380 515 2423 vobis
536 2393 688 2424 mentes
703 2413 719 2434 ‚
750 2391 892 2422 rectae
910 2394 1017 2436 quac
1040 2390 1155 2422 stare
1179 2369 1362 2425 solebant

226 2483 253 2504 ,‚
284 2452 454 2505 Antea,
485 2452 666 2495 dementi
689 2467 770 2495 sese
787 2452 944 2505 flcxcrc
968 2454 1139 2496 ruina?

169 2552 199 2577 „
231 2547 285 2555 —-
317 2522 373 2565 sit
401 2524 500 2568 licet
539 2526 710 2582 positus
752 2525 796 2569 in
830 2523 958 2576 sede,
994 2536 1098 2576 quae
1124 2533 1190 2569 tot
1212 2536 1386 2578 magnos
1409 2526 1475 2568 vi·

1336 2628 1369 2655 „
1401 2612 1479 2646 ros
