1879 3160
442 444 1196 503 ANNOTATIO

783 599 875 632 An

279 717 674 768 ELOGIUM
734 715 1384 771 HEMSTERHUSII.

175 973 409 1067 PRAEF·
453 1020 558 1064 Cum
597 1023 733 1072 mihi,
775 1017 922 1074 caet.]
982 1014 1300 1073 Negligentiam
1342 1021 1490 1065 Harle-

176 1091 259 1144 sii,
292 1091 407 1133 Dum
440 1103 520 1144 pro
558 1089 662 1132 Cum
698 1089 860 1131 edentis
880 1121 894 1140 ,
927 1089 1092 1131 notavit
1128 1091 1204 1135 Cl.
1229 1092 1487 1147 XVyttenba-

175 1162 301 1205 chius
329 1162 373 1205 in
398 1162 499 1205 Vita
529 1160 777 1204 Ruhnkenii
806 1174 861 1214 p.
880 1164 957 1213 178
991 1161 1113 1217 (*).

233 1233 345 1277 lbid.
404 1231 603 1288 Elogt’um
642 1232 722 1274 hac
765 1231 1069 1288 significatione
1100 1245 1179 1277 non
1213 1239 1319 1279 satis
1359 1237 1490 1280 Lati-

178 1318 278 1346 num
303 1318 383 1347 esse
405 1303 520 1359 scio]
583 1304 730 1348 Fluxit
762 1318 813 1348 ex
836 1305 1004 1360 vulgari
1038 1320 1120 1350 usu
1151 1306 1341 1351 Gallicae
1367 1310 1488 1353 vocis

176 1376 323 1431 eloge:
368 1375 523 1419 Latine
572 1376 730 1420 dicitur
777 1375 972 1420 laudatio
999 1409 1015 1432 ‚
1057 1389 1106 1421 ut
1156 1391 1270 1423 recte
1316 1382 1491 1436 scripsit

179 1449 541 1504 W'yttenbachius
572 1450 606 1491 1.
635 1462 676 1492 c.
714 1463 760 1502 p.
788 1461 814 1502 5
841 1440 882 1491 ἐπ
909 1463 1009 1504 259.
1074 1453 1231 1494 Fusius
1253 1452 1492 1506 disputavi·

179 1534 274 1563 mus
313 1522 355 1564 in
385 1519 569 1562 editione
604 1520 926 1573 Opusculorum
961 1522 1240 1577 Ruhnkeni1‚
1280 1525 1363 1568 hoc
1391 1527 1490 1580 ipso

178 1605 290 1635 anno
319 1591 580 1647 conjunctim
609 1590 718 1633 facta
743 1593 854 1644 apud
889 1593 1253 1647 Luchtmansios,
1286 1596 1338 1637 ad
1364 1608 1491 1648 quam

179 1663 398 1717 plerisque
434 1662 542 1705 locis
582 1664 765 1704 lectores
810 1675 984 1708 nostros
1015 1667 1226 1710 remittere
1259 1666 1490 1709 constitui-

177 1749 303 1789 mus,
337 1736 481 1779 Tomo
505 1735 563 1779 11.
595 1734 901 1777 Addendorum
934 1751 980 1791 p.
1014 1751 1140 1782 1021.
1186 1738 1358 1780 Praeter
1382 1734 1489 1778 scri-*-

178 1818 326 1863 ptores
366 1807 426 1849 ibi
464 1807 658 1850 laudatos
682 1838 697 1859 ,
741 1807 984 1850 conferatur
1023 1809 1196 1852 omnino
1230 1808 1486 1851 Gronovius

172 1880 302 1924 Lect.
334 1880 478 1922 Plaut.
521 1892 567 1932 p.
597 1890 682 1932 245
719 1890 788 1930 sq.
837 1888 879 1920 et
915 1879 1049 1922 Laur.
1086 1880 1210 1922 Valla
1238 1879 1363 1935 Eleg.
1391 1879 1485 1934 IV,

174 1954 248 1997 66.
283 1964 463 2005 quorum
489 1952 612 1992 locos
633 1948 736 1990 mihi
772 1949 975 1993 indicavit
1005 1950 1087 1995 Vir
1126 1950 1488 2005 Eruditissimus,

173 2022 372 2076 idemque
397 2020 477 2064 mei
502 2020 843 2075 amantissimus,
869 2023 921 2066 F.
948 2024 1007 2066 A.
1036 2023 1217 2067 Bossius
1234 2056 1248 2077 ,
1266 2024 1335 2067 cui
1351 2024 1393 2067 in
1407 2025 1485 2067 hac

179 2092 472 2136 Annotatione
514 2095 749 2148 complure
773 2093 941 2146 debe0‚
986 2095 1163 2137 maxime
1199 2096 1251 2137 ad
1279 2095 1487 2138 Latinita-

179 2171 263 2204 tem
293 2163 546 2218 spectantia.
608 2165 875 2208 Consulatur
900 2164 1023 2208 etiam
1049 2166 1264 2208 Ernestus
1287 2165 1331 2208 in
1355 2166 1482 2208 Clav.

1411 2234 1487 2280 Ci-

222 2346 314 2397 (*)
343 2348 539 2396 Sequimur
569 2349 739 2397 ubique,
770 2350 805 2386 in
833 2352 1021 2391 laudandis
1046 2353 1172 2399 Elogii
1204 2347 1427 2388 *Hemsterm
1449 2358 1488 2386 et

176 2410 285 2449 Vitae
324 2412 532 2453 Ruhnken.
561 2414 655 2450 locis
673 2441 685 2457 ‚
713 2415 863 2461 paginas
904 2416 1084 2454 editionis
1113 2413 1409 2454 Ruhnkenianae
1438 2415 1489 2450 ai·

176 2478 292 2513 terius
321 2487 354 2516 a.
389 2479 497 2525 1789.
535 2487 571 2514 et
596 2477 954 2523 Wyttenhachianae
991 2479 1176 2526 principis
1200 2488 1234 2516 a.
1260 2488 1368 2527 ¹799-
1397 2488 1488 2516 mar-

172 2538 248 2586 gini
274 2540 384 2587 hujus
411 2552 558 2581 nostrae
580 2541 754 2580 editionis
778 2542 1006 2589 adscriptam
1034 2540 1138 2591 quod
1163 2542 1276 2580 semel
1297 2542 1489 2580 monuisse

172 2603 343 2647 sufficiat.
