1879 3160
335 282 414 341 364
608 279 1216 332 ANNOTATIO
1275 301 1352 336 an

408 404 637 460 Ernestus]
668 405 738 448 Sic
763 406 1031 452 scribendum
1051 421 1171 465 esse,
1201 413 1347 465 potius
1362 425 1482 468 quam
1495 415 1651 461 Ernes-

347 481 453 522 tiam
474 507 489 528 ,
513 478 714 520 adversus
739 489 889 521 contra
914 480 1145 525 sentientes
1171 484 1395 529 defendere
1410 487 1648 532 studuimus

349 552 393 593 in
418 550 531 591 Add.
572 548 739 603 Opusc.
769 550 947 594 Ruhnk.
986 566 1031 606 p.
1064 566 1189 599 1020.
1236 567 1277 599 et
1303 571 1416 600 nunc
1441 558 1485 600 in
1515 558 1653 601 eadem

16 625 81 677 ¹72!
149 616 265 675 :23³⁹
283 610 611 674 22-7persistimus
641 622 866 666 sententia.
915 622 1026 666 Hinc
1046 624 1308 687 ἔζιῑςξζζιις,
1341 628 1448 672 infra
1470 641 1520 681 p,
1541 642 1646 672 222.

75 711 96 729 „2
117 685 189 725 „rs
210 702 255 712 -—

59 731 75 761 l

399 691 511 736 Ibid.
576 694 685 749 Jam
731 692 838 736 edito
887 693 1079 737 Cicerone
1105 695 1125 750 ]
1194 698 1380 742 Primum
1430 713 1470 742 a,
1516 703 1643 753 1738,

350 775 431 816 qua
470 763 540 805 vel
587 766 680 807 sola
717 764 902 808 editione
942 765 1234 810 immortaliter
1265 769 1317 810 de
1351 769 1477 812 bonis
1515 770 1647 812 literis

342 834 522 877 meritus
562 846 626 878 est
658 835 871 879 Ernestus
899 865 917 888 2
959 837 1102 892 judice
1157 837 1492 891 Wyttenbachio
1537 839 1649 882 Bibl.

345 907 460 950 Crit.
491 908 542 952 P.
561 908 618 950 ΙΙ.
654 921 702 961 Ρ.
725 919 764 950 1.
812 907 933 950 Hanc
958 909 1086 950 altera
1109 917 1338 950 consecuta
1358 917 1422 950 est
1451 921 1491 950 a.
1521 920 1645 962 1754.

345 979 546 1032 Denique
568 980 722 1033 tertia,
754 992 888 1032 eaque
925 988 1139 1033 postrema
1163 988 1205 1021 et
1228 977 1415 1032 optima,
1455 990 1493 1021 a.
1524 990 1652 1032 1774.

345 1052 468 1105 cujtis
495 1050 555 1091 1bi
589 1062 763 1093 censura
807 1051 961 1104 agitur.
1023 1049 1120 1092 Viri
1158 1050 1364 1104 Elogium
1393 1049 1653 1102 conscripsit

343 1121 531 1164 nominis
569 1131 610 1163 et
635 1122 788 1174 partim
823 1122 946 1164 etiam
981 1122 1201 1164 doctrinae
1222 1123 1367 1163 haeres
1394 1122 1453 1165 A.
1478 1121 1539 1164 G.
1572 1120 1654 1162 Er-

344 1202 524 1245 nestus‚
557 1194 678 1247 cujus
700 1191 853 1232 ibidem
877 1190 1060 1233 refertur
1082 1206 1244 1235 summa
1267 1193 1317 1235 P.
1347 1192 1447 1233 VII.
1481 1205 1529 1245 p.
1551 1191 1649 1232 116.

343 1261 531 1304 breviter
551 1262 650 1304 item
675 1262 818 1305 obitus
849 1264 939 1317 ejus
978 1274 1019 1305 et
1054 1265 1254 1306 memoria
1281 1261 1329 1303 P.
1359 1260 1439 1302 VI.
1472 1273 1518 1312 p.
1551 1271 1649 1312 139.

399 1334 449 1377 P.
487 1336 556 1375 18.
616 1333 704 1375 Hoc
740 1334 921 1390 exemplo
951 1333 1114 1377 discant
1133 1334 1333 1388 juvenes,
1378 1343 1551 1385 quoram
1586 1342 1653 1370 re-

344 1405 538 1446 ctissimis
553 1401 702 1445 studiis
720 1415 916 1458 parentes
935 1405 1208 1448 obsecundare
1227 1413 1304 1445 aut
1320 1433 1334 1455 ‚
1359 1415 1450 1443 cam
1457 1409 1648 1456 possunt,

344 1477 521 1528 nolant,
562 1471 674 1529 'qaod
706 1475 952 1523 Ralzfikenio
982 1476 1185 1528 contigit,
1217 1483 1323 1524 atti,
1352 1486 1444 1514 cum
1475 1472 1649 1524 volunt,

345 1560 429 1587 noa
444 1555 608 1601 possunt
626 1574 641 1597 ,
674 1536 987 1602 qaod‘plaribas
1013 1547 1138 1586 etiam
1164 1545 1326 1586 evenire
1337 1542 1461 1584 solet:
1490 1540 1655 1583 discant

346 1619 486 1671 igitar
506 1629 585 1657 non
610 1613 843 1656 absterreri
872 1629 900 1656 a
934 1616 1166 1671 proposito,
1197 1627 1268 1655 nee
1307 1623 1536 1670 temporum
1568 1611 1654 1666 dif-

339 1687 574 1741 ficzlltatem
615 1697 693 1729 aut
709 1697 938 1743 parentum
979 1699 1161 1728 errorem
1185 1684 1248 1726 ad
1264 1687 1464 1739 ignavam
1482 1686 1655 1740 pietatis

346 1763 573 1818 opinionem
623 1761 934 1815 interpretari:
972 1759 1090 1814 cet.]
1163 1759 1303 1813 Hujus
1345 1756 1463 1809 loci,
1505 1753 1650 1798 multis

344 1846 434 1875 non
461 1832 561 1874 satis
589 1830 824 1883 intellecti,
857 1829 1039 1883 ideoque
1064 1842 1281 1883 perperam
1307 1828 1503 1882 accepti,
1535 1841 1654 1870 com-

347 1903 540 1945 mentarii
567 1901 654 1943 fere
686 1901 817 1943 instar
844 1910 909 1941 est
945 1899 1269 1954 Wyttenbacllii
1314 1901 1365 1941 ad
1396 1899 1464 1941 M.
1507 1899 1652 1952 Tyde-

347 1987 543 2017 mannum
571 1974 799 2026 Epistola,
847 1984 967 2024 quam
996 1984 1018 2012 a
1047 1971 1154 2013 Viro
1182 1972 1256 2013 Cl.
1285 1969 1505 2012 nobiscum
1527 1967 1653 2009 bene·

346 2046 446 2087 vole
483 2044 832 2087 communicatam
859 2072 874 2095 ,
920 2039 1088 2084 silentio
1135 2039 1361 2095 praeterire
1408 2037 1528 2083 nefas
1574 2039 1646 2082 sit.

348 2115 420 2157 Sic
446 2113 575 2169 igitur
602 2114 702 2157 ille:

575 2243 646 2287 M.
709 2241 1217 2286 TYDEMANNO
1259 2239 1315 2283 V.
1361 2237 1428 2284 Cl-

484 2361 548 2409 D.
624 2355 1384 2408 WYTTENBACH
1465 2356 1512 2403 S.

407 2485 454 2525 Si
478 2483 581 2523 mihi
606 2491 810 2538 qaantasm
849 2481 1025 2522 Liberae
1051 2479 1164 2520 Tuae
1198 2477 1438 2520 attulerunt
1467 2476 1654 2532 volupta-

349 2556 431 2604 t'is‚
462 2565 627 2594 tamam
669 2552 729 2595 ad
752 2551 1010 2595 scribendum
1050 2549 1252 2603 adfuisset
1292 2551 1366 2592 olii
1381 2580 1396 2602 ‚
1427 2545 1558 2589 eodem
1584 2559 1651 2586 sa-

350 2638 400 2665 ne
416 2653 431 2674 ‚
463 2637 539 2677 qao
564 2637 630 2664 eas
647 2627 814 2679 accepi,
846 2622 915 2664 die
939 2621 1031 2663 Tibi
1054 2619 1362 2678 respondissem.
1419 2618 1523 2659 Noli
1544 2619 1652 2658 enim

351 2693 547 2738 dubitare
562 2723 579 2749 ,
609 2688 910 2735 Eraditissime
951 2693 1208 2748 Tydemamae
1225 2722 1238 2744 ,
1272 2689 1374 2745 quin
1399 2700 1449 2729 cx
1473 2686 1653 2728 omnibus

1556 2758 1658 2800 alio-
