1879 3160
390 218 480 261 300
624 195 805 242 v1TA
857 195 919 242 D.
969 192 1426 244 RUHNKENII.

380 324 595 381 firmite,
625 320 712 362 sati
733 329 774 362 et
798 321 936 363 creati
957 332 1126 362 sumus:
1154 317 1229 362 sed
1238 317 1427 376 profecto
1446 319 1542 375 fuit
1563 336 1694 379 quae-

391 395 489 439 dam
521 393 585 435 vis
599 422 614 443 ,
646 404 754 447 quae
777 391 924 446 generi
949 391 1178 433 consuleret
1202 388 1382 433 humano
1398 419 1414 442 ‚
1442 405 1514 434 nec
1542 392 1595 435 id
1620 394 1688 449 gi-

301 469 539 525 281gneret
561 472 640 504 aut
660 462 796 506 aleret
809 494 825 516 ,
856 460 996 518 quod,
1025 476 1118 504 cum
1145 461 1441 507 exundavisset
1469 478 1600 507 omnes
1624 465 1693 507 la-

387 537 530 588 bores,
570 543 661 577 tum
696 531 901 576 incideret
929 535 976 575 in
1003 535 1150 577 mortis
1176 533 1335 576 mulum
1365 536 1691 590 sempiternum:

379 617 553 667 portum
582 607 723 663 potius
753 612 958 662 paratum
992 603 1104 647 nobis
1139 615 1179 648 et
1207 604 1449 662 perfugium
1480 614 1690 660 putemus.

387 679 479 736 Quo
506 680 671 721 utinam
697 676 799 720 velis
811 677 950 732 passis·
972 676 1147 731 pervehi
1167 675 1291 719 liceat
1307 682 1326 722 ,Ι
1356 681 1421 721 sin
1448 675 1693 732 reflantibus

385 752 520 794 ventis
543 750 814 805 rejiciemur,
841 756 985 790 tamen
1008 745 1142 790 eodem
1155 777 1172 800 ,
1200 748 1328 803 paulo
1355 746 1551 801 tardius,
1582 745 1693 801 refe·-

385 834 543 864 ramur
571 833 724 863 necesse
750 825 825 865 est.

442 891 493 934 In
514 891 628 934 hunc
649 891 723 934 Tu
747 900 952 945 portum,
984 889 1010 932 ὁ
1033 889 1289 944 Ruhnkeni‚
1319 891 1402 945 J‘am
1431 898 1685 944 pervectus,

384 965 468 1019 iam
497 972 629 1005 tutam
659 961 1016 1014 tranquillamque
1045 962 1184 1004 sedem
1210 962 1254 1005 in
1290 961 1426 1004 beatis
1461 961 1684 1004 beatorum

386 1033 636 1087 regionibus
662 1033 880 1075 obtineas!
924 1032 1045 1083 Nos,
1079 1035 1153 1088 qui
1189 1035 1334 1078 eodem
1371 1032 1612 1086 tendimus,
1643 1040 1689 1074 et·

387 1104 524 1146 adhuc
551 1104 596 1147 in
620 1105 748 1160 hujus
774 1104 886 1148 vitae
905 1103 1111 1147 fluctibus
1132 1107 1364 1158 jactamur,
1397 1105 1465 1146 Te
1485 1113 1526 1146 et
1550 1102 1686 1144 virtu-

387 1183 477 1216 tum
510 1185 677 1217 tuarum
704 1173 1003 1225 meditatione,
1037 1182 1079 1215 et
1104 1173 1212 1216 bene
1241 1173 1449 1219 factorum
1477 1185 1593 1231 grata
1621 1186 1688 1216 rc-

388 1246 660 1302 cordatione,
681 1259 892 1305 perpetuo
913 1244 1247 1290 celebrabimus!

1575 2667 1709 2713 AN-
