1879 3160
364 217 648 265 VITAM
706 207 1232 264 RUHNKENII.
1379 221 1462 274 365

157 345 337 388 oliorum
355 342 406 386 de
431 345 502 386 hoc
521 351 770 400 argumento
794 343 960 399 scriptis
994 341 1055 384 ad
1077 355 1140 383 me
1165 341 1328 399 literis,
1359 351 1461 385 tuae

158 415 263 457 mihi
287 416 438 457 literae
469 417 588 471 longe
623 414 897 469 gratissimae
921 411 1168 457 acciderint.
1228 413 1347 455 Nam
1363 445 1379 467 ,
1411 424 1462 457 ut

156 487 346 538 omittam
376 486 672 543 obtrectatores
695 486 769 539 qui
792 496 925 525 meum
953 482 1138 526 tibellum
1156 518 1171 539 ,
1203 485 1272 529 vel
1295 487 1376 527 mei
1396 485 1467 528 vel

156 555 402 598 Ruhnkenii
425 569 602 612 caussa,
633 568 697 596 me
730 552 895 596 absente
928 564 1136 608 carpunt:
1166 558 1202 598 ii
1237 559 1365 599 etiam
1388 559 1464 613 qui

145 626 303 681 favere
339 625 451 669 nobis
484 625 713 676 videntur,
756 624 820 667 ad
855 627 1144 668 munusculum
1183 639 1370 672 nostrum
1397 627 1468 671 νεῖ

144 697 401 756 frigebant,
424 697 493 741 vel
511 698 651 738 nimiis
672 695 865 738 laudibus
887 710 993 752 erga
1017 710 1086 739 nos
1108 697 1329 751 calebant,·
1359 683 1481 753 quas⁴

153 783 280 826 quum
296 772 391 826 ,ipse
422 772 469 810 in
497 783 560 810 me
593 783 674 810 non
707 782 966 824 agnoscerem
983 800 998 821 ,
1028 769 1079 811 de
1106 766 1376 810 laudantium
1398 767 1470 812 vel

145 842 364 896 facultate
389 842 457 883 vel
477 839 562 892 fide
587 839 785 882 dubitare
823 838 1014 882 debebam
1030 872 1046 894 ,
1078 842 1161 882 nisi
1182 838 1304 892 forte
1330 841 1466 881 nimia

154 929 218 957 cos
244 928 348 970 erga
375 926 438 954 me
472 911 745 954 benivolentia
789 910 1022 968 decepisset.
1085 911 1148 952 Tu
1169 924 1265 954 vero
1279 941 1295 964 ,
1326 911 1467 953 Prac-

154 986 409 1026 stantissime
445 982 481 1023 T
473 981 703 1036 ydemanne
727 1013 742 1034 ,
783 994 876 1023 cum
926 984 1099 1038 egregia
1149 991 1228 1023 tua
1265 980 1463 1025 doctrina

146 1065 300 1110 parem
324 1052 512 1094 attulisti
539 1052 896 1107 benevolentiam;
927 1061 974 1093 ut
999 1050 1082 1092 ha‘c
1112 1063 1177 1092 me
1203 1050 1429 1095 delectares
1443 1086 1460 1108 ,

152 1123 261 1176 illd,
293 1120 405 1177 quod
426 1121 565 1174 majus
596 1124 725 1162 etiam
759 1133 818 1164 est
833 1153 849 1175 ,
881 1124 1089 1166 erudires.
1151 1122 1362 1178 Equidem
1386 1128 1462 1182 qui

151 1193 264 1236 illud
284 1194 441 1235 Solonis
469 1193 658 1246 Γηράσκω
692 1195 732 1237 δὲ
762 1195 826 1238 ἀεὶ
860 1198 997 1241 πολλὰ
1031 1196 1303 1247 δίδασκόμενος
1342 1200 1462 1240 unice

147 1264 306 1321 probo;
336 1277 406 1319 ego
433 1265 573 1318 igitur
601 1267 776 1319 gratias
802 1264 895 1308 Tibi
927 1278 966 1310 et
991 1267 1118 1310 habeo
1147 1279 1187 1310 et
1212 1282 1291 1324 ago
1319 1273 1460 1312 maxi-

151 1349 271 1389 mas,
302 1338 376 1392 qui
398 1346 488 1377 tam
515 1336 658 1378 multis
681 1351 744 1378 me
769 1346 938 1393 tamque
974 1336 1085 1379 bonis
1112 1352 1162 1379 ac
1191 1337 1461 1395 diligentibus

151 1409 324 1450 auxeris
346 1409 531 1449 monitis.
595 1405 680 1448 Sed
711 1420 784 1449 nec
806 1411 996 1451 universe
1019 1408 1070 1450 de
1103 1411 1155 1451 iis
1182 1409 1363 1464 dixisse,
1392 1426 1464 1454 sa-

151 1482 207 1522 tis
229 1489 316 1522 est:
345 1478 396 1520 de
419 1477 594 1533 singulis
622 1476 760 1520 dicere
777 1511 792 1532 ‚
823 1480 991 1534 longum
1023 1483 1095 1522 sit.
1157 1481 1279 1538 Ergo
1304 1481 1354 1525 de
1380 1499 1462 1526 uno

154 1551 366 1604 alteroque
400 1548 492 1589 Tibi
528 1561 660 1589 meam
695 1550 940 1590 sententiam
975 1549 1160 1591 breviter
1196 1550 1464 1605 significabo:

152 1622 262 1678 quod
277 1621 340 1663 Tu
367 1623 432 1662 ita
462 1620 664 1674 accipies,
695 1631 775 1660 non
805 1622 927 1673 quasi
949 1632 977 1660 a
1003 1619 1058 1660 Te
1090 1619 1364 1672 dissentiam,
1394 1623 1466 1664 Ti-

151 1692 272 1748 bique
291 1701 400 1733 recte
428 1689 622 1732 suadenti
651 1700 872 1746 repugnem
889 1707 908 1744 ,·
937 1690 1011 1733 sed
1045 1701 1093 1734 ut
1120 1692 1365 1747 intelligas,
1396 1706 1460 1735 me

152 1775 271 1807 ivam
304 1763 538 1820 Epistolam
576 1770 774 1803 accurate
798 1760 938 1815 legisse
953 1791 968 1812 ,
1008 1761 1174 1818 ejusque
1210 1772 1378 1807 tantam
1420 1775 1462 1809 et

152 1834 340 1876 habuisse
361 1844 401 1876 et
424 1833 575 1876 habere
598 1836 802 1875 rationem
819 1862 834 1883 ,
867 1842 1030 1887 quanta
1061 1838 1252 1878 maxima
1271 1836 1461 1893 pruden-

149 1908 334 1947 tissimae
362 1907 755 1961 amantissimaeque
788 1904 1082 1947 admonitionis
1114 1908 1228 1948 ratio
1267 1902 1459 1948 habenda

148 1985 224 2018 est.
284 1974 350 2017 Ac
375 1977 596 2032 primum,
627 1975 738 2030 quod
771 1975 866 2018 dixi
892 1989 941 2034 p.
974 1982 1055 2032 18,
1090 1979 1309 2034 pertinere
1344 1979 1460 2020 volui

149 2061 230 2090 non
273 2046 334 2089 ad
377 2044 756 2102 reprehendendam
800 2047 987 2100 filiorum
1016 2051 1218 2106 pietatem
1234 2085 1249 2102 ‚
1270 2034 1363 2092 ascd
1399 2044 1463 2092 ad

150 2118 440 2174 castigandam
458 2127 684 2174 parentum
709 2117 1038 2174 imprudentiam
1055 2133 1072 2161 .·
1101 2122 1234 2162 minus
1260 2111 1386 2163 etiam
1408 2124 1456 2163 in

151 2187 206 2228 Te
233 2189 462 2245 similesque
496 2195 592 2244 tui,
623 2191 756 2234 doctos
790 2200 829 2233 et
859 2190 1086 2247 prudentes
1103 2203 1282 2248 patres,
1313 2193 1456 2234 valere

141 2269 294 2316 potest.
353 2259 596 2303 Ruhnkenii
614 2271 814 2317 parentes
858 2260 1014 2304 indocti
1047 2272 1157 2304 certe
1166 2261 1380 2315 fuerunt:
1409 2273 1449 2305 et

141 2339 284 2385 postea
322 2343 447 2384 quum
480 2333 563 2387 ipse
596 2335 649 2375 iis
689 2336 914 2390 scripsisset
958 2348 998 2375 se
1029 2332 1452 2389 Lugduno-Batavae

146 2399 370 2442 cathedrae
393 2404 624 2457 impositum
651 2391 760 2458 esse,
780 2405 896 2459 fassi
917 2414 1014 2446 sunt
1037 2417 1126 2445 eum
1154 2403 1446 2446 adolescentem

148 2473 246 2514 haec
270 2473 411 2514 studia
441 2475 539 2530 ipsis
572 2475 798 2517 nolentibus
823 2475 1124 2531 ingredientem
1141 2505 1156 2526 ,
1188 2485 1297 2516 recte
1320 2466 1458 2529 fecis-¹

149 2557 212 2595 se,
243 2554 282 2586 et
309 2545 408 2601 plus
446 2559 570 2600 quam
601 2548 704 2603 ipsos
731 2545 898 2590 vidisse.
959 2545 1041 2588 Est
1072 2558 1171 2587 sane
1205 2546 1373 2590 subinde
1398 2551 1446 2601 in

150 2613 465 2662 adolescentibus
508 2619 684 2674 ignavia
698 2647 716 2673 ,
757 2630 865 2676 quae
897 2631 938 2662 se
963 2620 1139 2678 pietatis
1175 2623 1302 2680 specie
1334 2624 1449 2667 tueri

1383 2708 1455 2738 Cib·

1868 626 1870 633 ,
1855 339 1869 609 ,ὴτῆκ-Ἲ·
1856 323 1858 330 -
1853 251 1867 315 τ’..-
1860 181 1863 187 ·

1854 638 1870 697 -4—:13

1863 1282 1866 1303 ,„
1855 883 1871 1249 wlff—effim-v-v-aer
1869 838 1872 842 ,
1862 783 1865 787 -
1862 741 1869 764 -Α

1832 1344 1842 1351 x

1865 1556 1870 1615 ...-
1862 1375 1874 1536 ἠήῇ-Α
1864 1318 1867 1352 ..-
