1879 3160
460 255 645 303 VITA
687 259 744 304 D.
787 250 1243 303 RUHNKENII·
1431 269 1513 314 29²

197 381 316 426 lent:
349 380 505 426 horum
541 383 653 425 enlm
687 381 920 434 colloquiis
955 393 1123 436 tempus
1144 392 1241 424 cum
1268 377 1511 436 jucundita-

195 454 254 497 tis
289 464 332 498 et
368 452 638 497 recreationis
671 451 816 495 fructu
845 454 1055 507 transire,
1100 455 1270 498 illorum
1314 449 1507 503 disputa·

195 526 388 570 tionibus
411 539 508 569 cum
531 526 727 569 molestia
751 541 799 570 ac
822 527 1124 581 defatigatione
1156 525 1310 581 perire.

252 596 361 639 Tale
400 595 619 649 ingenium
657 599 771 651 quali
805 599 850 642 in
877 611 1091 653 corpore,
1126 607 1340 648 tamquam
1366 594 1504 637 domi·

189 666 320 719 cilio,
353 665 632 721 habitaverit,
674 668 786 711 haud
812 670 834 711 a
871 669 1099 723 proposito
1132 667 1316 710 alienum
1351 666 1407 708 sit
1431 678 1504 708 co-

190 747 414 793 gnoscere.
476 738 683 780 Naturam
723 739 800 781 hac
839 740 962 782 etiam
1008 739 1050 782 in
1091 747 1209 792 parte
1244 747 1392 781 nactus
1416 748 1504 782 erat

190 807 445 861 fautrIcem,
479 821 587 862 quae
623 821 782 864 corpus
821 810 860 852 ei
899 809 1124 864 largiretur
1165 821 1312 853 sanum
1347 818 1390 850 et
1428 808 1503 851 fir-

187 889 330 922 mum:
380 879 525 932 quod,
569 879 798 935 profecto,
832 881 972 935 magni
1007 889 1072 923 est
1097 880 1150 923 ad
1184 881 1296 922 vitae
1323 879 1504 922 facilita-

191 959 275 993 tem
300 949 520 993 momenti.
582 949 860 995 Adolescenti
884 951 959 1004 qui
983 951 1113 992 fuerit
1138 951 1307 993 habitus
1332 954 1504 994 vultus-

187 1034 271 1076 que
287 1052 303 1075 ,
335 1034 464 1075 supra
486 1019 838 1074 significavimus.
898 1021 1007 1064 Viro
1032 1035 1079 1065 ac
1108 1032 1315 1075 provecto
1340 1033 1496 1076 aetate,

183 1104 347 1137 statura
382 1093 467 1136 fuit
494 1105 571 1144 ea,
601 1102 707 1144 quae
735 1091 922 1145 dicitur,
956 1100 998 1134 et
1020 1100 1068 1134 ut
1098 1092 1149 1134 de
1175 1103 1221 1133 se
1253 1090 1345 1144 ipse
1372 1092 1498 1144 loqui

181 1165 381 1217 solebat,
430 1163 632 1217 quadrata
654 1192 671 1214 ,
712 1161 892 1216 propior
943 1172 1080 1206 tamen
1128 1164 1200 1207 illa
1237 1162 1496 1217 longitudini

181 1249 309 1290 quam
329 1235 557 1280 brevitatit
590 1233 775 1276 membra
798 1233 905 1277 bene
924 1243 1178 1288 compacta,
1210 1234 1356 1288 firma,
1389 1247 1496 1278 oon.

182 1308 333 1352 cinna:
367 1305 568 1351 valetudo
592 1315 798 1358 prospera
817 1335 832 1357 ,
867 1318 1002 1357 quae,
1034 1302 1133 1347 licet
1159 1314 1256 1347 ante
1282 1305 1495 1359 sexagesi-¹

177 1391 294 1421 mum
324 1389 481 1421 annum
516 1377 584 1419 bis
613 1373 764 1416 morbo
783 1405 798 1428 ‚
832 1384 874 1417 et
903 1375 954 1418 ab
981 1375 1057 1418 illo
1084 1388 1194 1419 anno
1231 1375 1410 1418 subinde
1439 1377 1493 1419 ad

177 1460 339 1503 paucos
363 1449 452 1492 dies
473 1446 717 1502 podagricis
740 1456 783 1488 et
811 1445 1056 1502 chiragricis
1085 1445 1384 1492 affectionibus
1399 1455 1493 1489 ten·

176 1529 292 1572 tata,
333 1519 456 1563 nullo
499 1519 627 1560 modo
665 1516 988 1571 debilitaretur3
1031 1518 1118 1560 nisi
1155 1517 1272 1570 quod
1308 1528 1493 1561 extrema

175 1589 343 1631 demam
374 1598 623 1641 senectute,
655 1588 826 1631 dextera
866 1602 1013 1632 manus
1052 1599 1277 1631 tremorem
1304 1588 1400 1631 inde
1421 1592 1580 1646 re-271

175 1659 330 1702 tineret
354 1689 372 1713 ,
417 1657 492 1712 qui
541 1657 754 1701 scribendi
802 1662 943 1704 officio
983 1661 1247 1714 aliquantum
1298 1661 1489 1705 obesset·

174 1732 403 1775 Caeterum
423 1762 438 1784 ,
469 1741 643 1775 naturae
676 1731 789 1776 bona
826 1731 970 1775 studio
1008 1743 1055 1773 ac
1093 1730 1311 1784 diligentia
1340 1733 1486 1787 auxit,

171 1803 437 1847 Socraticum
474 1803 633 1858 (121)
666 1813 840 1847 secutus
879 1810 1188 1856 praeceptum,
1233 1813 1280 1846 ut
1319 1817 1482 1858 corpus

171 1873 344 1917 haberet
387 1887 474 1917 non
510 1875 728 1919 dominum
769 1873 928 1925 animi,
960 1871 1036 1913 sed
1075 1872 1313 1918 ministrum
1337 1888 1484 1930 prom*

167 1954 345 1998 tumque
375 1945 721 1991 instrumentum.
794 1947 906 1989 Puer
948 1953 990 1985 et
1017 1944 1265 1987 adolescens
1306 1959 1480 2000 operam

164 2017 334 2060 dederat
370 2018 777 2072 exercitationibus,
811 2016 966 2070 quibus
1003 2027 1159 2068 corpus
1192 2028 1289 2059 cum
1317 2019 1369 2060 ad
1398 2019 1480 2061 du-

162 2087 300 2130 ritiem
328 2097 369 2130 et
392 2087 620 2143 agilitatem
639 2119 654 2141 ,
686 2100 776 2132 tum
805 2090 857 2132 ad
886 2089 1098 2131 liberalem
1124 2087 1313 2130 habitum
1338 2089 1473 2133 vitae..

164 2172 249 2213 que
286 2173 411 2203 usum
454 2160 795 2204 conformaretur
821 2188 839 2212 ,
880 2157 1132 2211 saltationi,
1181 2158 1470 2214 equitationi,

161 2234 422 2285 palaestrae,
452 2233 695 2276 venationi:
734 2231 850 2285 quod
873 2240 1022 2284 postea
1056 2244 1132 2284 per
1164 2231 1375 2284 reIIquum
1397 2245 1468 2273 ae-

159 2303 258 2346 tatis
293 2303 506 2358 spadum,
537 2304 580 2347 in
618 2303 734 2346 omni
764 2312 915 2353 motu,
946 2303 1302 2355 ineessu,-gestu
1335 2312 1468 2356 appa-

160 2374 274 2426 ruit,
306 2373 350 2416 in
374 2373 532 2426 quibus
555 2376 707 2418 decora
730 2375 931 2427 quaedam
960 2374 1093 2416 inerat
1115 2373 1295 2415 facilitas
1322 2383 1363 2415 et
1394 2387 1465 2416 ro-

157 2442 275 2487 boris
301 2443 573 2499 significatio.
634 2446 805 2488 Illarum
843 2444 1189 2487 exercitationum
1221 2447 1354 2487 'unam
1384 2446 1463 2487 ob·

1412 2518 1473 2561 le-

209 2599 350 2652 (121)
378 2601 591 2652 Xenophon
631 2603 751 2642 Mem.
789 2604 933 2642 Socrat.
965 2600 1032 2651 ΙΙ,
1061 2614 1111 2651 1,
1147 2604 1208 2643 28.
1255 2601 1394 2646 Similia
1432 2606 1471 2645 iu

161 2663 305 2714 Agesil.
327 2675 374 2715 5,
403 2677 442 2707 a.
494 2667 632 2706 Cicero
653 2666 729 2707 Off.
753 2667 784 2706 1.
808 2679 872 2707 22.

872 2727 914 2772 T
944 2744 972 2776 2

1869 0 1879 55 11
