1879 3160
394 241 480 281 422
684 221 1412 271 ANNOTATIOA„

398 347 530 392 simus
557 354 702 388 acutae
726 357 826 390 sane
855 343 930 391 Cl.
959 343 1102 390 Bossii
1126 345 1397 402 suspicIOni,
1426 348 1485 391 ita
1508 359 1697 391 neutram

398 421 444 464 in
471 427 630 472 partem
658 418 898 463 statuimus.

460 487 574 530 Jbid.
625 487 770 530 Lucae
809 487 1044 544 Evangelio
1081 497 1122 530 et
1157 487 1314 543 Actis]
1364 486 1574 531 Paulinae
1606 490 1706 532 item

403 559 622 615 Epistolae
649 556 710 599 ad
739 557 955 612 Galatas,
1003 569 1179 610 quarum
1219 560 1461 602 scholarum
1499 562 1709 614 exemplar

404 642 542 682 nuper
588 628 701 671 nacti
744 640 910 671 sumus.
989 629 1089 670 illas
1132 628 1176 673 in
1224 631 1450 674 Homerum
1496 644 1710 684 nunquam

406 699 626 753 vidimus,
665 711 720 740 ne
754 698 864 741 inter
898 699 1158 752 autographa
1199 701 1366 755 quidem
1401 701 1499 745 Viri
1537 703 1622 757 Cl.d
1646 703 1713 744 De

407 769 738 824 Xenophonteis
770 782 869 813 mox
904 769 1160 816 videbimuS.

466 841 516 883 P.
545 853 616 894 75.
656 841 837 885 Nolebat
868 855 910 884 se
935 843 1126 884 continuo
1154 844 1426 900 extemporali
1457 842 1717 886 consuetudi-

409 916 464 954 ne
487 911 772 968 committere]
802 911 1100 968 Extemporali
1117 941 1134 964 ,
1160 911 1204 955 id
1231 924 1324 967 est,
1356 926 1408 957 ex
1435 922 1624 967 tempore
1652 914 1724 955 di-

412 984 566 1026 cendi:
613 983 830 1037 probum,
884 995 963 1026 nec
1009 992 1148 1026 tamen
1196 984 1544 1028 Ciceronianam.
1621 983 1723 1029 Vid-

412 1056 612 1100 Addend.
657 1055 828 1110 Opusc.
861 1054 1039 1097 Ruhnk.
1083 1068 1129 1107 p.
1171 1058 1296 1099 1018.
1375 1055 1575 1098 Ceterum
1614 1056 1721 1097 hanc

415 1126 696 1180 Ruhnkenii,
735 1127 787 1170 de
820 1126 982 1179 scripto
1020 1125 1162 1169 omnia
1193 1125 1441 1179 recitantiS‚
1473 1126 1722 1180 religionem

417 1200 472 1242 ad
510 1199 754 1247 universum
803 1196 1054 1239 dictatorum
1105 1197 1467 1251 dicendorumque
1506 1210 1727 1251 argumen-

419 1281 510 1312 tum
528 1299 542 1322 ,
568 1268 620 1309 ad
648 1266 765 1321 quod
790 1264 904 1308 domi
929 1278 1022 1309 sese
1044 1280 1290 1322 praeparare
1313 1276 1507 1320 poterat,
1537 1266 1726 1320 pertine-

422 1355 499 1396 re3
532 1352 619 1382 non
648 1337 746 1379 item
775 1336 827 1378 ad
847 1336 956 1389 alia,
988 1350 1094 1391 quae
1120 1346 1367 1391 opportuno
1392 1337 1488 1377 loco
1514 1335 1727 1386 addenda,

427 1412 466 1455 ei
500 1410 679 1454 subinde
714 1409 758 1450 in
797 1418 975 1450 mentem
1013 1408 1237 1460 venerint3
1283 1419 1350 1448 res
1382 1405 1473 1460 ipsa
1506 1406 1728 1459 loquitur,

429 1493 472 1524 et
505 1494 584 1523 nos
623 1477 762 1520 obiter
796 1488 992 1520 notamus
1031 1479 1233 1521 adversus
1270 1489 1375 1529 e08‚
1418 1477 1491 1529 qui
1537 1488 1578 1519 et
1620 1479 1667 1522 h.
1697 1480 1730 1520 1.

428 1547 754 1605 WVyttenbachii
791 1547 915 1590 fidem
950 1549 1202 1594 desiderant.
1273 1547 1383 1604 Quis
1413 1546 1521 1590 enim
1550 1548 1654 1590 adeo
1683 1549 1734 1590 il-

429 1629 519 1670 lum
545 1622 841 1667 meticulosum
861 1620 995 1664 fuisse
1018 1621 1184 1673 credat,
1210 1630 1257 1663 ut
1284 1632 1338 1662 ne
1361 1618 1537 1663 verbum
1565 1618 1736 1671 quidem

430 1697 516 1743 nisi
540 1696 592 1738 de
616 1692 811 1747 scripto,
840 1691 1035 1747 proferre
1061 1693 1270 1736 auderet?
1303 1690 1379 1736 Cf.
1406 1702 1505 1744 pag.
1522 1689 1579 1743 76
1600 1701 1640 1732 et
1661 1692 1737 1746 96.

493 1768 609 1813 lbid.
645 1765 896 1808 Luculentos
922 1786 980 1797 —-
1017 1762 1235 1807 barbariei
1264 1773 1306 1806 et
1340 1759 1621 1814 inficetiarum
1653 1775 1741 1804 sor·

435 1841 557 1887 dibus
586 1835 753 1894 flucre]
802 1834 1113 1891 Horatianum‚
1152 1837 1204 1879 de
1241 1833 1416 1880 Lucilio
1451 1833 1607 1887 poeta,
1647 1833 1738 1877 Sat.

439 1918 496 1968 1,
526 1926 585 1965 4,
617 1920 690 1965 31.
722 1904 878 1951 nemini
913 1918 1002 1950 uon
1035 1917 1204 1951 notum.

497 1985 548 2028 P.
585 1995 656 2035 77.
699 1978 882 2021 Dictata
916 1999 966 2008 -—
999 1976 1111 2023 domi
1136 1976 1362 2031 describit]
1411 1973 1520 2018 Sunt
1553 1974 1626 2029 qui
1663 1989 1744 2029 pro

441 2051 699 2100 describere,
731 2058 812 2090 tam
841 2048 909 2090 hic
932 2061 1053 2101 quam
1079 2061 1208 2102 supra
1239 2062 1285 2102 p.
1313 2049 1368 2090 66
1392 2056 1432 2089 et
1457 2049 1529 2100 67.
1557 2046 1744 2099 itemque

443 2124 554 2170 infra
597 2136 642 2176 p.
676 2122 784 2172 185,
827 2120 974 2165 malint
1009 2119 1264 2162 rescribere:
1306 2117 1423 2170 quod
1472 2129 1559 2160 non
1598 2129 1751 2160 neces-

446 2211 493 2241 se
523 2203 616 2246 est‚
649 2190 858 2244 siquidem
892 2192 1067 2235 alterurn
1106 2191 1251 2233 eodem
1287 2201 1413 2233 sensu
1446 2187 1570 2230 habet
1595 2189 1751 2232 Cicero

444 2270 498 2314 ad
526 2267 630 2311 Div.
656 2262 762 2315 ΧΠ,
797 2272 865 2316 17.
898 2271 939 2303 et
972 2261 1108 2306 Acad.
1137 2260 1231 2313 IV,
1259 2273 1304 2315 4.
1373 2260 1445 2303 Ex
1477 2260 1560 2303 alio
1600 2273 1753 2315 genere

448 2351 515 2384 est
552 2335 718 2382 Mureti
753 2336 875 2377 locus
906 2331 965 2374 T.
994 2332 1075 2376 lV.
1118 2346 1164 2386 p.
1189 2337 1303 2389 610,
1335 2333 1410 2376 ubi
1443 2331 1617 2376 omnino
1654 2344 1752 2373 cum

446 2409 709 2455 Ruhnkenio
740 2404 960 2459 legendum
992 2404 1234 2450 rescribere.
1312 2404 1492 2459 Proprie
1535 2403 1590 2446 ita
1631 2403 1753 2445 diffe-

449 2493 582 2534 runt,
608 2490 653 2522 ut
678 2475 893 2534 posterius
917 2475 1127 2529 significet
1144 2509 1159 2530 .,
1185 2488 1306 2521 antea
1329 2477 1486 2531 scripta
1509 2477 1661 2517 iterum
1677 2505 1691 2526 ,
1712 2484 1754 2517 ct

451 2568 496 2596 ea
534 2552 703 2606 quidem
743 2547 1031 2599 emendatius,
1063 2547 1241 2590 scribere
1268 2549 1475 2604 (Belgice
1512 2547 1755 2600 oversclzrrj-

449 2626 591 2676 vcnj:
621 2620 739 2675 prius
771 2631 937 2673 autem,
969 2617 1019 2661 de
1041 2622 1192 2677 scripto
1226 2621 1403 2676 exemplo
1437 2620 1617 2663 alterum
1652 2621 1755 2661 scri-

1692 2687 1758 2732 be·

1854 3047 1869 3160 --
1847 2948 1860 3024 ..-.,
1859 2804 1863 2915 *Αᾼ-Αὴ
1862 2775 1863 2778 „
