1879 3160
381 176 466 230 236
640 169 823 217 VITA
865 171 926 214 D.
968 168 1418 223 RUHNKENII.

374 294 577 337 simorum
603 292 821 334 hominum
838 322 853 344 ,
873 292 1133 340 Schultensii
1155 311 1202 340 ac
1229 298 1519 344 Nieuwlandii
1536 333 1550 356 ‚
1572 316 1680 357 quo-

372 378 465 407 rum
499 373 694 407 neutrum
726 375 806 418 ego

1140 442 1233 479 meis

645 499 793 539 Chattis
822 501 1029 540 inornatum
1055 503 1154 542 sileri
1181 505 1203 554 (
1216 504 1300 554 68)

367 579 432 621 fas
456 577 561 621 mihi
584 579 726 634 duco3
759 579 843 621 fuit
873 588 1049 632 uterque
1073 582 1154 624 mei
1185 583 1526 640 amantissimus,
1560 599 1676 632 uter-

369 661 453 699 que
474 661 646 703 lngemo
674 651 906 704 animoque
943 651 1153 705 integrum
1190 651 1573 711 incorruptumque
1601 675 1674 704 na-

368 729 487 762 turae
511 734 652 775 opus;
685 723 787 765 adeo
815 722 877 764 nil
904 734 1078 775 pravum
1097 751 1112 772 ‚
1144 721 1334 776 humile,
1362 725 1580 783 invidum,
1610 732 1670 775 nil

368 789 450 833 nisi
476 804 622 834 sanum
639 822 655 846 ‚
684 793 932 838 benivolum
949 825 965 847 ,
990 792 1224 836 habebant:
1253 807 1462 851 prorsu5‚
1488 812 1536 843 ut
1564 802 1673 846 idem

368 862 427 906 ait
453 866 579 919 poeta
595 896 611 919 ,

790 938 930 976 animae
946 965 956 982 ,
984 937 1110 985 quales
1135 949 1260 988 neque
1286 941 1514 981 candidiores

426 999 542 1039 Terra
566 1002 671 1048 tulit,
697 1012 821 1050 neque
841 1002 947 1049 queis
979 1011 1040 1038 me
1065 1002 1115 1038 sit
1137 1002 1352 1041 devinctior
1375 1005 1464 1042 alter
1491 1004 1620 1055 (69).

425 1093 745 1136 Schultensium
781 1102 899 1148 pater
937 1092 980 1148 J.
1009 1092 1226 1147 jacobus,
1270 1095 1666 1150 Lugdunobatavus

368 1166 621 1220 Professor,
646 1166 761 1209 filius
788 1164 927 1220 magni
948 1164 1062 1207 illius
1085 1165 1251 1208 Alberti
1267 1166 1548 1221 Schultensii‚
1573 1169 1669 1213 uni.

367 1252 464 1282 cum
495 1239 677 1282 habebat
709 1247 880 1289 natum,
916 1250 1098 1290 eumque
1120 1239 1202 1293 J‘am
1230 1237 1280 1278 ab
1306 1236 1602 1292 incunabulis,
1634 1241 1671 1282 si

367 1321 434 1350 res
460 1309 517 1351 ita
538 1307 698 1361 ferret,
721 1309 958 1351 destinabat
985 1307 1236 1351 domesticae
1254 1307 1488 1351 Literarum
1514 1307 1670 1352 Orien·

366 1379 512 1422 talium
541 1380 654 1423 laudi
682 1382 876 1425 tuendae.
935 1381 1072 1422 Puero
1106 1378 1300 1433 egregios
1330 1378 1374 1420 in
1400 1379 1516 1420 omni
1545 1392 1670 1433 gene·

367 1464 412 1493 re
448 1450 640 1494 adhibuit
667 1451 923 1505 magIStros,
954 1464 1042 1494 non
1081 1463 1231 1504 magno
1271 1461 1367 1490 cum
1405 1448 1576 1492 fructut
1609 1451 1669 1493 si-

366 1535 473 1565 nens
499 1535 592 1563 eum
616 1522 740 1576 genio
765 1523 980 1576 obsequi,
1012 1535 1059 1565 ac
1088 1521 1251 1564 discere
1280 1529 1482 1573 quantum
1507 1523 1667 1575 vellet,

366 1604 454 1634 non
491 1601 693 1644 quantum
730 1604 907 1647 posset3
942 1604 1056 1637 ratus
1092 1591 1306 1636 liberalius
1340 1591 1556 1645 habitum,
1589 1606 1668 1636 nec

277 1667 357 1708 208
369 1677 537 1708 severae
555 1663 804 1716 disciplinae
825 1666 1071 1708 adstrictum
1087 1695 1102 1716 ‚
1116 1675 1348 1717 progressu
1368 1661 1513 1705 aetatis
1536 1675 1670 1716 spon-

367 1747 408 1779 te
434 1738 477 1779 in
505 1746 660 1779 rectam
684 1738 927 1780 studiorum
949 1738 1059 1780 viam
1083 1735 1388 1789 ingressurum.
1446 1734 1541 1776 Nec
1568 1747 1668 1788 spes

367 1822 461 1850 curn
501 1808 670 1854 fefellit.
727 1810 1090 1852 Adolescentulus
1126 1817 1226 1846 mox
1259 1803 1394 1846 laudIS
1433 1805 1670 1848 doctrinae-

368 1894 452 1935 que
477 1893 620 1922 amore
651 1892 882 1933 percussus
898 1910 912 1931 ‚
945 1878 1059 1920 dedit
1088 1890 1133 1919 se
1157 1875 1208 1918 ad
1230 1874 1471 1916 inchoatum
1498 1874 1667 1916 Litera-

364 1963 458 1993 rum
483 1963 593 2003 opus
614 1948 952 2004 persequendum
968 1978 983 1999 ‚
1015 1946 1270 1989 Graecarum
1294 1943 1666 1996 Romanarumque

361 2021 545 2064 ‘ducibus
570 2019 850 2063 Valckenario
887 2029 928 2061 et
951 2016 1240 2067 Ruhnkenio,
1274 2013 1553 2057 Orientalium
1592 2029 1664 2069 pa-

363 2103 448 2136 tre.
507 2092 556 2135 In
586 2092 652 2134 his
679 2091 800 2134 brevi
827 2101 968 2133 tantos
1000 2088 1103 2130 fecit
1127 2099 1409 2141 progressus,
1440 2097 1488 2129 ut
1515 2086 1669 2142 viginti

367 2174 409 2206 ct
435 2172 618 2216 quatuor
640 2175 773 2206 annos
802 2172 956 2212 natus,
989 2172 1127 2202 earum
1164 2157 1200 2199 ci
1232 2158 1426 2200 cathedra
1452 2159 1669 2200 Amstelo-

367 2234 477 2277 dami
503 2235 789 2277 mandaretur:
827 2246 950 2287 quam
980 2245 1055 2286 per
1090 2244 1163 2274 sex
1194 2243 1327 2273 annos
1366 2229 1531 2282 tenuit,
1565 2243 1667 2272 con·

365 2304 633 2360 junctissime
661 2316 827 2346 mecum
864 2302 1036 2346 vivens.
1097 2302 1212 2343 Hinc
1238 2299 1347 2354 patri
1377 2309 1546 2342 mortuo
1573 2311 1670 2341 suc·

368 2390 513 2420 cessor
534 2375 1047 2433 Lugdumlmbatavorum
1077 2374 1294 2416 traductus
1310 2403 1326 2426 ‚
1360 2372 1523 2415 easdem
1547 2370 1668 2415 Lite-

1602 2451 1666 2482 tas

418 2536 540 2586 (68)
567 2540 698 2579 Horat.
727 2541 850 2578 carm.
880 2539 957 2584 lv,
984 2549 1036 2586 9,
1064 2548 1126 2586 30.

422 2604 541 2654 (69)
574 2604 709 2643 Horat.
737 2604 811 2642 Sat.
839 2604 879 2648 1,
907 2614 950 2651 5,
978 2614 1040 2650 42.
