1879 3160
368 226 454 259 220
634 203 808 249 VITA
859 203 918 248 D.
972 203 1415 254 RUHNKENII.

368 347 463 380 nem
490 331 691 380 reliquam
721 326 1054 371 emendationum
1076 358 1092 380 ,
1127 328 1472 374 observationum
1491 362 1506 385 ,
1537 333 1669 376 varia-

368 417 458 447 rum
495 399 756 448 lectionum,
786 399 948 450 sylvam
984 400 1234 442 contineret.
1305 400 1371 442 Ac
1408 402 1459 443 de
1493 402 1671 446 Timaeo

369 472 569 525 quidem,
604 466 720 520 quod
755 469 1060 522 constituerat,
1093 470 1286 524 perfecit.
1349 472 1521 515 Scholia
1552 475 1670 527 typis

366 544 523 586 dudum
548 539 761 591 descripta
785 549 885 582 sunt
901 571 915 592 ,
940 540 1345 583 animadversionum
1371 555 1458 585 non
1483 543 1566 586 nisi
1587 557 1672 586 una

365 612 543 668 pagina:
577 609 740 662 reliqua
770 622 864 662 pars
891 623 968 652 nec
998 612 1239 664 conscripta
1257 643 1273 665 ,
1305 613 1360 656 ita
1389 614 1432 657 in
1458 627 1674 658 commen·

368 683 486 730 tariis
514 680 757 724 adumbrata
782 692 829 720 ac
854 692 930 733 per
954 680 1285 725 adversariorum
1312 684 1480 726 libellos
1507 683 1678 737 disper·

365 769 412 799 sa
435 756 546 811 Jacet
562 784 577 806 ,
609 761 658 795 ut
679 752 731 794 ab
760 750 903 805 operis
927 764 1174 794 successore
1191 783 1205 805 ,
1235 764 1323 795 non
1344 754 1427 796 nisi
1449 754 1556 797 bene
1581 767 1674 797 ver-

363 836 460 873 sato
491 825 535 869 in
569 823 747 868 Graecis
777 820 936 865 Literis
962 832 1003 864 et
1031 823 1252 867 Platonico
1283 837 1529 879 argumento
1549 856 1565 877 ,
1595 838 1674 868 nee

365 897 448 943 nisi
477 898 613 941 multo
641 908 737 938 cum
771 893 915 936 labore
938 896 1156 946 multaque
1182 896 1424 951 diligentia,
1456 895 1674 939 conscribi

365 966 646 1023 probabiliter
669 965 824 1021 possit.
884 965 993 1008 Sunt
1016 967 1116 1009 haec
1143 967 1313 1011 Scholia
1332 969 1354 1010 ὲ
1383 966 1670 1010 Grammatico

368 1051 522 1094 genere
549 1050 625 1090 eo,
649 1038 767 1091 quod
792 1046 832 1080 et
856 1049 922 1080 res
944 1049 985 1081 et
1005 1039 1133 1082 verba
1155 1040 1440 1093 persequitur.
1488 1038 1675 1081 Exstant

368 1107 657 1163 singularibus
679 1107 721 1150 in
741 1107 962 1150 codicibus
983 1111 1267 1163 complurium
1289 1098 1673 1162 bibliothecarum,

368 1182 414 1227 in
456 1180 604 1235 primis
639 1179 1005 1233 Florentinarum,
1036 1182 1252 1234 Venetae,
1284 1181 1671 1233 Vindobonensis‚

368 1251 561 1295 aliarum.
610 1249 693 1292 Est
717 1263 818 1292 sane
845 1263 991 1292 eorum
1016 1264 1119 1294 usus
1140 1252 1191 1294 ad
1216 1253 1555 1296 constituendam
1577 1252 1674 1295 Pla-

369 1322 486 1366 tonis
517 1320 794 1375 scripturam:
827 1333 905 1363 nec
927 1321 1118 1368 doctrina
1143 1333 1207 1368 est
1233 1325 1564 1369 contemnenda:
1597 1326 1675 1367 hae

369 1395 475 1437 bent
505 1394 637 1437 multa
674 1390 717 1434 in
757 1390 851 1436 aliis
877 1393 960 1447 Jam
988 1392 1110 1435 editis
1138 1392 1435 1436 Grammaticis
1467 1394 1673 1450 prodita,

370 1465 529 1510 habent
566 1463 678 1508 haud
714 1475 846 1516 pauca
881 1462 1004 1506 etiam
1040 1477 1152 1507 nova
1181 1476 1258 1507 nec
1286 1463 1452 1508 aliunde
1488 1467 1674 1521 cognita.

369 1537 482 1579 Illud
516 1549 604 1579 non
638 1536 844 1588 dubium,
878 1536 981 1589 quin
1013 1537 1189 1580 maxima
1223 1535 1335 1580 libro
1364 1536 1675 1580 commendatio

373 1609 398 1651 a
424 1608 670 1650 Ruhnkenii
693 1607 1130 1652 animadversionibus
1154 1621 1374 1653 accessura
1399 1609 1568 1652 fuisset.
1611 1609 1672 1650 Et

375 1691 478 1721 vero
505 1678 737 1721 auctarium
767 1679 804 1721 ei
839 1681 989 1722 addere
1020 1679 1284 1732 destinabat,
1316 1680 1509 1723 collectis
1544 1679 1674 1722 inter--

372 1751 648 1805 pretamentis
684 1753 964 1805 grammaticis
1001 1766 1051 1795 ex
1090 1751 1260 1805 scriptis
1290 1762 1332 1794 et
1364 1750 1677 1794 commentariis

373 1823 688 1865 Platonicorum
717 1823 1109 1877 Philosophorum,
1144 1824 1217 1876 qui
1240 1837 1334 1866 raro
1360 1823 1676 1878 grammaticum

288 1897 366 1939 188
377 1907 509 1948 genus
537 1882 776 1948 attingunt,
805 1895 936 1937 veluti
959 1895 1217 1948 Porphyrii,
1249 1896 1418 1947 Procli,
1445 1893 1674 1945 Hermiae,

374 1965 709 2019 Olympiodori,
741 1966 1006 2018 aliorumque
1033 1967 1219 2007 nondum
1246 1966 1471 2006 editorum.

438 2036 524 2078 Sed
546 2035 644 2077 licet
668 2036 719 2078 ab
746 2038 930 2079 editione
949 2034 1139 2076 Platonis
1161 2035 1212 2075 ad
1234 2033 1387 2087 triplex
1408 2034 1515 2077 illud
1534 2047 1643 2088 opus
1658 2065 1676 2089 ,

377 2117 589 2160 tamquam
620 2120 669 2149 ex
702 2108 894 2163 longiore
934 2104 1072 2149 stadio
1111 2102 1154 2145 in
1191 2104 1363 2146 brevius
1397 2118 1442 2147 se
1470 2104 1680 2147 contulis-

377 2191 472 2232 set,
501 2193 554 2222 ne
582 2180 711 2235 hujus
741 2179 907 2233 quidem
937 2178 1062 2221 finem
1094 2173 1340 2228 contingere
1373 2174 1456 2216 fata
1492 2189 1587 2217 eum
1625 2175 1683 2217 si-

315 2271 341 2293 n„
368 2257 552 2310 flerunt.
610 2251 720 2294 Nam
748 2252 844 2293 dum
869 2261 988 2292 totus
1011 2250 1054 2292 in
1080 2248 1162 2288 hoc
1185 2257 1431 2300 argumento
1457 2257 1676 2298 versatur,

378 2321 560 2364 subinde
579 2336 673 2364 cum
698 2321 877 2365 naturali
901 2320 975 2362 illo
998 2319 1166 2372 ipsique
1193 2318 1373 2371 proprio
1400 2316 1679 2371 profectioni-s

377 2392 589 2436 desiderio
620 2395 671 2436 ad
698 2392 947 2446 expolienda
971 2403 1143 2443 vetera,
1174 2389 1374 2443 Elogium
1401 2386 1680 2430 Hemsterhu-

380 2463 542 2505 sianum
582 2476 622 2507 et
647 2466 894 2521 Vellejum,
937 2475 1189 2507 revocatur:
1234 2473 1320 2504 tum
1358 2472 1460 2502 vero
1489 2454 1679 2510 (1784)

315 2559 318 2562 ι
381 2545 497 2575 novo
531 2535 648 2576 ctiam
682 2535 866 2579 consilio
896 2535 947 2576 ad
975 2535 1129 2577 edenda
1159 2532 1320 2576 Mureti
1347 2541 1471 2583 opera
1503 2538 1681 2567 conver-

384 2603 502 2646 titur.
554 2605 616 2647 De
641 2607 706 2649 his
735 2606 842 2652 infra
867 2607 1070 2652 dicemus.
1121 2606 1233 2651 Tum
1263 2615 1433 2660 quoquc
1463 2598 1678 2642 Himerius

1506 2668 1683 2710 NVC1'115z
