1879 3160
411 195 678 242 v1TAM
739 193 1267 243 RUHNKENII.
1428 212 1514 261 42⁷

209 353 242 377 ,‚
268 320 616 365 commentarium
666 332 819 376 operae
860 331 999 374 prope
1048 332 1186 366 totum
1221 322 1515 379 'exscripsere.

213 427 243 450 ‚,
271 395 506 446 Ultimam‚
551 404 674 446 quam
712 401 897 446 vocant,
927 391 1185 436 revisionem
1218 395 1393 449 legens,
1423 395 1523 439 infi-

217 498 246 522 „
274 469 391 510 nitos
417 477 580 509 errores
605 464 794 518 sustuli,
819 478 843 507 a
867 464 1162 519 superioribus
1187 465 1329 520 operis
1346 497 1362 518 ,
1388 466 1526 522 Span-

218 569 248 595 ‚‚
279 538 408 582 hemii
445 548 613 580 manum
653 534 792 578 minus
832 536 1068 591 assecutis,
1111 547 1267 580 temere
1312 537 1524 587 invectos.

221 641 250 663 „
279 608 362 651 Vel
395 607 458 650 sic
499 606 669 660 quidem
717 618 876 652 restant
909 609 1076 661 aliquot
1114 607 1232 662 loci,
1275 623 1326 652 ex
1369 613 1527 666 quibus

206 710 253 736 „‚
281 681 447 723 nullum
493 678 693 723 idoneum
738 694 910 725 sensum
950 678 1111 722 elicias.
1184 680 1377 734 Integtae
1417 681 1532 726 enim

224 783 253 805 .„
283 751 448 806 perlodi
487 752 586 793 loco
636 765 718 796 suo
763 752 956 796 turbatae
993 750 1210 794 videntur.
1225 749 1259 769 ’'
1330 750 1390 794 Ut
1426 753 1532 796 adeo

219 835 273 866 ne
312 823 394 865 hoc
431 823 632 878 quidem,
677 825 794 878 quod
827 823 1049 879 plerisque
1084 822 1178 864 leve
1214 821 1412 875 videtur,
1455 835 1536 867 nec

219 893 326 938 satis
360 895 534 948 dignum
564 907 828 938 summorum
855 894 1045 938 virorum
1072 893 1298 948 personiS‚
1336 894 1537 948 specimi-

222 977 324 1009 num
352 966 703 1022 corrigendorum
732 967 952 1022 negotium
969 996 986 1019 ,
1019 964 1095 1007 ubi
1118 965 1229 1007 absit
1262 964 1414 1007 Critici
1437 979 1538 1009 acu·

225 1047 352 1088 men,
382 1046 498 1078 recte
527 1039 671 1093 peragi
700 1049 843 1092 queat.
903 1038 1019 1082 Idem
1043 1045 1194 1091 postea
1216 1035 1363 1078 docuit
1384 1036 1539 1081 Ruhn-

225 1106 339 1149 kenii
367 1107 412 1150 in
446 1106 624 1152 Mureto
665 1119 818 1152 navata
849 1121 1008 1163 opera,
1045 1106 1318 1161 ejusdemque
1359 1121 1542 1153 suorum

226 1178 364 1233 ipsius
403 1193 581 1234 operum
618 1177 855 1233 specimina
896 1178 1026 1218 oculo
1061 1177 1361 1229 perlustrantis
1403 1192 1544 1222 exem-

227 1253 373 1305 plum,
404 1251 516 1295 infra
554 1265 601 1305 p.
631 1265 734 1295 202.
798 1249 1000 1293 Ceterum
1025 1247 1218 1291 desumta
1246 1258 1349 1293 sunt
1369 1250 1470 1294 haec
1501 1262 1544 1296 et

229 1321 421 1377 proxima
445 1334 497 1364 ex
526 1321 702 1364 Ernesti
728 1319 870 1364 Praef.
903 1332 950 1374 p.
978 1332 1058 1361 xx.

289 1393 400 1436 Ibid.
446 1394 539 1436 Nee
572 1391 702 1437 verba
728 1393 861 1435 aliam
879 1421 895 1444 ‚
937 1404 1065 1446 quam
1100 1389 1313 1433 interdum
1341 1397 1545 1438 raritatis

233 1460 624 1505 commendationem
662 1462 848 1516 habent]
903 1463 975 1505 Ad
1011 1460 1365 1506 Valckenaerium
1397 1466 1546 1510 referri

236 1542 415 1586 potest,
459 1532 510 1573 de
548 1545 634 1585 quo
677 1534 828 1577 scribit
856 1532 1091 1576 Ruhnken.
1121 1532 1211 1586 Ep.
1235 1534 1316 1578 IV.
1354 1550 1402 1590 p.
1431 1541 1542 1585 828:

243 1634 271 1657 „
302 1605 469 1647 Doctus
514 1603 658 1645 hercle
693 1602 761 1646 vir
796 1604 1155 1657 Valckenaerius‚
1200 1615 1242 1648 et
1285 1605 1330 1649 in
1368 1608 1547 1655 Graecis

246 1675 435 1731 „literis
476 1674 520 1717 id
557 1674 674 1728 quod
718 1687 928 1718 summum
979 1686 1072 1729 est,
1113 1689 1391 1724 consecutus.
1466 1683 1550 1726 Sed

245 1778 274 1803 „
307 1749 487 1800 eodem,
520 1760 608 1800 quo
644 1747 855 1800 quondam
886 1748 1018 1792 Isaac.
1051 1747 1268 1801 Vossius,
1301 1750 1452 1794 morbo
1489 1755 1552 1796 la·

248 1850 276 1873 ,‚
307 1819 449 1862 borat.
510 1819 745 1862 Rarissima
775 1831 967 1872 quaeque
1002 1829 1045 1862 et
1081 1819 1417 1866 insolentissima
1446 1836 1552 1868 con-

249 1923 278 1945 „
307 1900 524 1942 sectatur,
577 1888 810 1943 invitisque
855 1889 1048 1933 obtrudit
1088 1891 1398 1937 auctoribuS.”
1466 1895 1552 1938 Sed

243 1964 328 2007 hoc
354 1963 552 2006 intererat
574 1959 923 2004 Valckenaerium
951 1961 1060 2005 inter
1083 1972 1124 2005 et
1150 1962 1287 2016 alios,
1315 1965 1430 2017 quod
1453 1979 1551 2011 cum

245 2037 380 2090 vulgo
419 2030 577 2087 ingenii
605 2033 826 2086 penuriam
857 2045 1032 2087 arguere
1063 2037 1202 2078 soleat
1233 2034 1415 2081 raritatis
1450 2051 1556 2081 con.

246 2103 426 2149 sectatio
457 2104 546 2160 (cf.
576 2105 710 2159 Elog.
742 2103 990 2150 Hemsterh.
1023 2120 1070 2161 p.
1089 2110 1203 2164 56),
1235 2107 1281 2151 in
1305 2108 1388 2152 illo
1409 2120 1556 2153 contra

248 2177 531 2220 admirabilem
559 2177 747 2232 eiusdem
772 2176 1005 2221 ubertatem
1030 2171 1384 2235 saigacitatemque
1404 2180 1556 2224 certis·

251 2247 360 2291 simo
382 2247 638 2289 documento
660 2248 975 2302 comprobaret.

308 2319 360 2362 Ρ.
393 2322 466 2361 82.
499 2319 738 2362 Rariorum
765 2319 1013 2372 verborum,
1045 2329 1093 2362 ut
1112 2320 1330 2382 Augustus
1351 2322 1555 2379 vocabat,

243 2390 510 2448 foetoribus]
552 2389 654 2432 Vid.
688 2389 867 2433 Sueton.
894 2389 939 2434 in
969 2392 1086 2447 Aug.
1120 2395 1194 2438 86.

312 2463 425 2508 Ibid.
473 2461 555 2517 Qui
581 2461 839 2515 facultatem
856 2492 872 2512 ‚
913 2475 1039 2517 quam
1075 2463 1154 2506 sibi
1191 2462 1323 2508 deesse
1356 2470 1531 2511 sentiret
1545 2500 1562 2521 ‚

256 2533 499 2594 argutamlo
543 2534 705 2578 elevare
749 2533 947 2588 maluit]
995 2534 1095 2591 Quo
1144 2548 1275 2583 sensu
1320 2538 1566 2596 accipienda

1452 2610 1566 2667 sint,
