1879 3160
390 194 578 243 v1TA
623 195 681 242 D.
730 169 1207 241 RUHNKENII}
1366 206 1445 242 ραι

144 316 556 374 ἲνοτηεᾶοτίὶειῃῑιε,
586 320 719 362 adhuc
759 319 978 374 scriptus,
1011 321 1168 362 dudum
1201 320 1243 364 in
1275 319 1454 362 Germa·

140 395 220 440 'nia
243 396 458 450 J'actatus,
491 403 531 434 ct
567 392 816 446 bibliopolis
841 391 996 435 frustra
1029 394 1226 447 oblatus,
1259 394 1310 435 ad
1334 393 1460 435 Mut-

152 466 464 510 zenbecherum
483 463 623 507 virum
652 464 926 506 'reverendum
950 476 996 505 ac
1028 464 1322 507 doctissimum
1349 460 1461 507 dela-

148 545 256 589 tus,
300 534 350 577 ab
384 546 521 587 eoque
555 533 659 576 mihi
688 535 896 588 traditus,
943 535 1216 590 bibliopolam
1255 534 1461 578 Batavum

156 607 414 660 quaerebat,
456 618 566 658 nec,
600 607 792 659 quamvis
829 609 852 650 a
888 607 1149 652 Ruhnkenio
1190 618 1231 650 ct
1267 618 1334 649 me
1362 606 1463 648 item

153 678 473 721 commendatus
493 709 508 730 ,
526 678 710 732 reperire
731 690 917 734 poterat·
958 679 1218 723 Ruhnkenio
1241 679 1467 721 vehemen-

156 759 222 793 ter
249 750 532 803 displicebant
554 752 727 792 notulae
757 753 913 793 multae
930 782 945 804 ‚
978 762 1027 794 ut
1054 750 1219 807 ajebat,
1248 750 1462 805 pueriles:

155 820 332 862 volebat
348 850 364 873 ‚
396 831 464 861 eas
494 820 516 860 a
542 831 606 861 me
630 820 875 863 circumcidi
903 831 945 864 et
971 821 1220 876 expurgari:
1256 833 1335 875 ego
1361 820 1470 864 mihi

155 899 323 933 tantum
356 891 400 934 in
435 891 572 933 alieno
611 904 741 946 opere
782 905 976 947 arrogare
1014 893 1236 936 nolebam:
1279 894 1382 944 sed,
1412 904 1471 937 ne

161 971 441 1016 expurgatum
471 962 638 1015 quidem
670 975 710 1006 et
737 965 788 1006 ad
809 963 1038 1007 voluminis
1065 962 1313 1006 brevitatem
1349 965 1470 1007 reda-

158 1045 278 1076 ctum
318 1033 506 1087 recipere
531 1035 732 1078 volebant
758 1037 1048 1091 bibliopolae:
1085 1037 1199 1089 quod
1236 1036 1474 1080 mirandum

166 1105 211 1147 in
237 1117 364 1159 opere
387 1104 552 1147 Graeco
569 1134 584 1156 ,
616 1116 843 1158 numquam
872 1117 992 1151 antea
1018 1107 1150 1151 edito.
1210 1107 1374 1150 Prodiit
1399 1107 1472 1150 de·

163 1186 277 1220 mum
307 1176 512 1219 sexennio
535 1184 710 1229 postea,
743 1175 1019 1232 Goettingae.

219 1247 382 1290 Attulit
419 1247 526 1290 idem
564 1259 700 1289 annus
736 1250 937 1302 quaedam
975 1251 1019 1293 in
1051 1258 1273 1303 utramque
1311 1260 1472 1305 partem

165 1317 347 1372 insignia
364 1316 642 1361 Ruhnkenio.
687 1319 812 1363 Uxor
833 1321 953 1375 gravi
979 1322 1130 1365 morbo
1158 1323 1334 1377 afflicta,
1361 1323 1565 1380 dein-189

168 1392 221 1433 de
259 1390 426 1434 sanitati
456 1391 666 1432 restituta.
741 1389 929 1433 Luctum
967 1404 1016 1433 ex
1054 1392 1204 1446 optimi
1236 1393 1476 1438 Doevereni

150 1483 154 1485 >
175 1463 299 1505 obitu
324 1471 570 1515 susceptum
597 1461 752 1504 levavit
775 1460 928 1504 notitia
949 1464 1209 1507 successoris
1227 1498 1240 1518 ‚
1263 1465 1479 1521 Paradysii

176 1533 348 1585 nostri,
380 1546 466 1586 quo
502 1546 590 1576 non
620 1533 759 1575 minus
791 1533 845 1574 ob
882 1536 1132 1586 praeclaram
1168 1535 1269 1578 artis
1294 1538 1478 1580 medicae

180 1605 429 1657 scientiam,
465 1617 586 1658 quam
619 1604 675 1646 ob
711 1602 940 1644 doctrinam
968 1616 1063 1645 cum
1098 1616 1336 1662 nostrarum
1360 1607 1483 1650 Lite-

175 1691 313 1720 rarum
346 1676 550 1730 elegantia
575 1677 872 1731 conJ‘unctam,
905 1675 1101 1717 delectari
1131 1676 1310 1722 solebat.
1369 1678 1481 1722 Mox

178 1748 442 1804 gratissimus
468 1747 637 1789 advenit
671 1747 829 1798 hospes
857 1745 1045 1788 Thomas
1073 1747 1356 1804 Burgcssius,
1387 1751 1484 1794 Bri-

176 1828 364 1862 tannus:
407 1817 528 1871 cujus
566 1818 838 1859 excellentem
868 1816 1109 1862 Literarum
1142 1821 1358 1865 scientiam
1392 1832 1485 1868 rara

175 1890 377 1944 quaedam
406 1890 583 1931 ornabat
605 1888 730 1931 animi
757 1890 948 1943 probitas
971 1901 1225 1944 morumque
1249 1893 1478 1948 modestia;

177 1963 289 2005 unde
318 1960 499 2003 amicitia
531 1974 626 2002 cum
652 1973 871 2014 praesente
893 1964 1020 2006 nobis
1050 1964 1300 2019 conciliata,
1333 1966 1484 2010 deinde

176 2044 274 2076 cum
296 2034 469 2076 absente
493 2030 687 2084 epistolis
713 2032 948 2086 officiisque
974 2035 1127 2090 viguit.

237 2103 419 2146 Memini
453 2115 519 2145 me
549 2103 854 2147 Ruhnkenium
883 2105 958 2148 illo
986 2116 1176 2160 tempore
1203 2118 1403 2162 monere,
1438 2119 1484 2152 ut

179 2174 294 2218 vitae
319 2187 418 2216 suae
446 2185 687 2229 argumenta
713 2179 877 2231 scripto
902 2188 1099 2231 notaret3
1127 2189 1174 2221 ut
1199 2190 1338 2232 esset,
1371 2181 1484 2222 unde

184 2258 271 2287 eam
295 2243 364 2287 alii
388 2246 738 2301 conscriberent,
769 2249 865 2302 ipso
887 2260 1057 2293 mortuo
1073 2282 1088 2302 ,
1116 2261 1297 2303 eumque
1321 2263 1388 2293 me
1413 2251 1485 2294 fu-

186 2327 328 2358 turum
355 2313 576 2368 profiteri,
611 2319 651 2361 si
681 2319 849 2372 quidem
876 2335 943 2364 me
968 2322 1032 2365 illi
1058 2323 1329 2376 superstitem
1357 2321 1489 2366 fecis-

187 2396 254 2430 set
284 2385 472 2428 fortuna.
529 2385 635 2439 Ille,
666 2391 927 2434 voluntatem
957 2393 1038 2435 sibi
1072 2404 1204 2433 meam
1237 2404 1325 2435 non
1351 2392 1490 2449 ingra-

185 2467 271 2499 tam
295 2467 388 2497 esse
413 2456 638 2499 ostendens
655 2488 670 2510 ,
694 2460 893 2512 promisit
920 2475 967 2503 se
989 2463 1199 2504 facturum
1229 2464 1345 2515 quod
1370 2475 1492 2519 pete-

186 2541 291 2572 rem.
349 2527 513 2571 Interea
542 2528 612 2570 illc
640 2529 699 2572 nil
729 2531 880 2572 horum
908 2530 1076 2574 facere:
1109 2544 1186 2586 ego
1215 2533 1397 2578 subinde
1427 2534 1492 2580 in-

186 2610 326 2653 stare:
359 2599 539 2657 denique
565 2600 947 2659 ille-respondere,
975 2601 1076 2646 satis
1102 2615 1166 2646 mc
1194 2615 1259 2647 res
1285 2617 1383 2650 suas
1407 2608 1496 2650 sci-

1414 2692 1489 2737 rc,
