1879 3160
383 159 671 204 VITAM
732 151 1276 200 RUIINKENII·
1404 165 1486 208 417

169 294 211 330 et
234 283 455 328 conferant
478 283 530 326 ad
556 281 735 326 Terent.
763 280 954 332 Adelph.
974 278 1037 331 V,
1067 280 1089 319 8
1108 305 1124 330 ,
1150 288 1235 333 35,
1265 275 1483 318 Gronovii

166 356 309 398 Notas
321 369 368 410 p.
381 365 476 407 145.
495 364 535 396 et
548 349 792 393 Ruhnkenii
808 349 998 393 Scholia.
1029 349 1131 394 Vid.
1149 361 1190 392 et
1204 347 1480 403 infrap.146.

222 424 334 468 Ibid.
397 420 682 476 Iastia-tendi]
743 421 854 465 Sunt
880 420 955 476 qui
990 421 1137 464 malint
1174 420 1375 465 docendi:
1405 422 1482 463 sed

161 506 418 548 utrumque,
450 493 645 534 absolute
667 493 854 545 positum
870 524 886 546 ‚
919 491 1144 548 conjunxit
1167 492 1325 534 Cicero
1353 491 1478 535 Brut.

161 568 219 610 C.
254 579 307 620 91
330 577 348 611 ε
392 565 601 608 ΛΙοΙοηεηι
635 588 691 597 -
711 563 968 606 instituendo
1007 562 1263 620 docendoque
1291 563 1482 620 pruden-

156 640 382 680 tissimum.
446 636 542 680 Alia
565 636 807 679 videbimus
830 634 938 678 infra
957 636 1009 678 ad
1037 648 1083 688 p.
1116 635 1212 679 161.

216 708 330 752 lbid.
389 707 641 762 Hujusmodi
686 709 752 750 nil
790 704 987 764 placebat
1023 704 1308 762 Ruhnkcm'o]
1378 709 1426 750 N
1429 721 1477 750 ec

160 780 330 833 placere
348 789 547 833 poterat,
578 791 671 821 cum
697 792 773 834 per
797 792 843 821 se
876 777 1013 832 probe
1047 779 1205 820 tenenti
1232 780 1340 822 illud
1360 794 1477 823 nosce

157 859 202 893 tc
222 853 387 907 ipsum,
420 861 510 893 tum
534 851 586 893 de
619 851 853 894 amicorum
886 848 1069 891 fortasse
1107 848 1472 894 admonitionibus

162 922 451 977 intelligenti,
479 935 573 965 sese
601 922 842 977 magisterio
878 920 1136 964 scholastico
1161 921 1301 963 minus
1326 933 1476 974 aptum

158 1006 284 1047 esse3
317 995 446 1047 idque
472 1007 568 1037 cum
593 994 687 1038 aliis
715 993 766 1036 de
789 991 928 1036 causis
946 1020 961 1042 ‚
992 1000 1082 1032 tum
1121 991 1237 1043 quod
1261 1003 1406 1034 recens
1427 993 1474 1035 in

154 1065 232 1106 has
253 1064 447 1119 regiones
473 1066 632 1108 advena
665 1066 853 1108 nondum
896 1062 998 1106 satis
1021 1063 1195 1106 calleret
1214 1063 1474 1107 Batavorum

147 1134 368 1188 iingiiam3
403 1135 473 1177 cui
500 1148 630 1188 porro
658 1136 862 1178 hacteuus
886 1142 1049 1176 tantum
1075 1146 1169 1174 cum
1195 1135 1467 1189 assuevisse,

146 1217 358 1260 quantum
401 1206 505 1249 satis
543 1213 654 1248 esset
677 1203 729 1246 ad
762 1203 1058 1256 quotidianum
1093 1204 1204 1247 vitae
1227 1208 1469 1250 communis

145 1292 307 1332 usum,
339 1276 449 1319 infra
471 1276 653 1330 legimus
684 1288 730 1328 Ρ.
759 1278 858 1330 138.
918 1276 1039 1329 Ergo
1074 1288 1212 1328 neque
1242 1279 1468 1331 superbiae

143 1350 254 1392 illud
288 1349 559 1392 tribuendum
579 1380 595 1402 ,
636 1360 776 1401 neque
806 1346 1045 1390 contemtui
1070 1348 1317 1390 scholastici
1353 1350 1467 1391 ordi-

143 1419 243 1464 nis:
278 1420 365 1462 imo
388 1433 490 1463 vero
512 1420 743 1462 modestiae
767 1416 913 1471 potius
941 1431 989 1460 ac
1015 1419 1308 1463 verecundiae.

198 1489 252 1533 P.
285 1492 357 1542 64.
421 1489 622 1532 Proximo
664 1504 772 1532 anno
810 1490 998 1546 (1755)
1037 1489 1258 1533 Lutetiam
1287 1493 1466 1539 Pausia-

139 1573 238 1602 rum
266 1557 481 1616 profectus
515 1561 615 1617 est]
659 1560 852 1603 Verius:
901 1558 1059 1602 Eodem
1097 1574 1206 1602 anno
1237 1575 1366 1618 1754,
1404 1567 1463 1608 si.

139 1631 314 1685 quidem
340 1631 448 1685 ipsis
475 1631 571 1675 Kal.
597 1632 722 1676 Febr.
757 1644 883 1687 1755.
915 1632 1092 1685 scripsit
1113 1632 1332 1689 Ernesto,
1363 1636 1455 1690 Ep.

138 1703 206 1747 VI
211 1706 248 1747 Ι.
277 1703 443 1756 opusc.
474 1702 534 1747 T.
561 1706 622 1746 Π.
647 1719 695 1759 p.
715 1706 736 1746 8
745 1716 796 1757 39
816 1734 832 1757 ‚
857 1717 938 1744 sese
955 1704 1100 1760 plures
1112 1705 1210 1759 jam
1235 1720 1388 1750 menses.
1408 1711 1458 1750 in

138 1775 289 1818 Gallia
315 1775 521 1816 haerere:
551 1774 607 1818 ita
643 1786 693 1818 ut
718 1773 811 1816 sine
843 1772 1007 1828 dubio,
1038 1786 1141 1828 post
1172 1777 1331 1822 editum
1356 1781 1457 1824 anni

140 1858 253 1902 1754
283 1859 426 1890 mense
445 1846 566 1901 Majo
592 1846 815 1890 Timaeum
834 1876 852 1900 ‚
881 1845 1072 1899 proxima
1095 1846 1296 1902 deinceps
1319 1862 1454 1895 aesta-

133 1933 206 1974 te,
239 1933 290 1963 eo
329 1918 554 1974 profectus
595 1932 687 1961 esse
723 1918 946 1971 videatur,
987 1932 1119 1971 quum
1155 1922 1454 1976 peregrinandi

135 1990 349 2044 consilia,
392 1991 473 2043 iam
513 1990 733 2045 superiore
773 2002 883 2032 anno
925 2002 1034 2045 1753
1076 1990 1263 2045 (agitata,
1310 1993 1450 2037 adhuc

132 2060 424 2116 impedivisset
462 2062 628 2105 Timaei
666 2063 736 2106 illa
777 2061 1079 2106 commentatio
1119 2061 1232 2119 (*>.
1315 2064 1451 2122 Quod

1348 2149 1454 2191 por-

182 2246 273 2298 (*)
298 2247 432 2285 Testis
466 2254 526 2283 est
552 2243 777 2283 Bernardus
805 2246 842 2282 in
874 2246 954 2295 Ep.
979 2245 1024 2283 ad
1048 2245 1256 2284 Reiskium
1293 2252 1445 2292 p.,473.

132 2312 224 2361 Ipse
260 2322 387 2348 autem
416 2311 633 2355 Reiskius‚
662 2322 913 2358 posteaquam
943 2313 979 2348 in
1008 2313 1134 2348 literis
1161 2310 1205 2347 ad
1233 2309 1446 2346 Wessclin-

129 2374 234 2424 'gium
251 2403 261 2421 ‚
282 2375 320 2414 d.
340 2377 376 2414 6.
395 2375 499 2423 Junii
531 2385 622 2424 1754
645 2374 742 2412 datis
760 2405 771 2422 ‚
799 2377 1033 2414 Ruhnkcnii
1049 2377 1250 2413 Timaeum
1276 2375 1446 2422 prodiis-

128 2451 170 2477 se
208 2440 524 2487 significaverat,
554 2441 744 2487 proximis
779 2438 922 2475 deinde
955 2439 1104 2483 literis,
1135 2451 1211 2476 nou
1241 2441 1291 2476 ita
1317 2441 1442 2477 multo

129 2513 264 2551 postea
292 2504 477 2551 scriptis:
512 2505 549 2538 t'n
584 2505 800 2547 procinctu,
839 2504 991 2550 iuquit,
1021 2511 1075 2539 est
1109 2503 1166 2544 Cl,
1197 2503 1441 2543 Rm'mkenius

123 2571 273 2607 itineris
299 2570 452 2608 Gallici·
505 2565 593 2607 vid.
624 2565 718 2605 ibid.
745 2578 785 2614 Ρ.
806 2567 870 2604 801
900 2574 937 2602 et
963 2567 1050 2613 803.

864 2631 943 2675 Dd
