1879 3160
398 145 677 193 v1TAM
738 136 1261 190 RUHNKENII.
1401 147 1485 204 ³⁸7

185 280 374 328 resque,
403 285 529 327 quam
552 271 778 320 fecerunt,
810 278 1066 322 progressus
1099 266 1288 311 facturos
1319 264 1483 323 fnissm,

185 344 229 385 id
255 344 423 396 quidem
452 341 663 398 ejusmodi
685 349 779 391 est,
811 347 862 379 ut
884 339 1051 381 anobis
1073 351 1189 382 certo
1215 337 1390 395 judicari
1408 352 1484 384 ne·

185 425 311 468 queat
328 445 344 467 ‚
374 425 525 468 utpote
554 414 604 455 ab
629 410 720 454 aliis
746 407 892 451 multis
920 410 1109 462 pendens
1137 410 1306 464 causis,
1337 410 1487 465 eisque

183 496 347 541 partem
383 486 523 537 intra,
558 482 711 537 partim
739 492 855 524 extra
882 481 1054 524 illorum
1084 490 1125 522 et
1147 484 1411 527 voluntatem
1444 493 1489 529 et

184 567 438 612 potestatem
484 554 664 610 positis.
725 554 842 597 Tum
892 553 1060 595 demum
1105 551 1162 595 ita
1204 557 1491 611 argumentari

182 626 359 680 licebit,
403 639 535 681 quum
573 627 799 681 aliquando
840 623 1088 679 ingeniosus
1125 624 1295 678 quidam
1333 640 1441 683 puer
1467 642 1493 674 a

181 697 330 752 primis
360 697 460 741 inde
501 698 622 741 annis
657 711 705 741 ea
728 698 798 741 via
831 709 879 740 ae
905 695 1070 738 ratione
1096 696 1151 738 ad
1176 701 1384 754 egregiam
1411 700 1491 744 Li·-

179 779 363 812 terarum
383 769 603 814 scientiam
624 768 877 812 informatus
892 798 909 822 ‚
930 767 1313 825 Hemsterhusios,
1336 761 1494 819 Ruhnss

179 840 362 896 kenios,
408 840 805 896 XVyttenbachios,
835 848 880 883 et
923 847 1138 891 quotquot
1180 853 1367 895 unquam
1392 845 1491 889 fue-

178 925 282 958 runt
305 923 377 957 aut
397 912 535 956 futuri
557 921 660 956 sunt
689 909 930 954 Literarum
957 907 1201 963 principes,
1234 913 1366 967 longo
1387 924 1492 969 post

177 999 226 1029 se
264 986 492 1028 intervallo
534 982 746 1033 refictos,
776 981 830 1024 ad
865 980 1159 1035 semidoctos‚
1204 983 1309 1035 quin
1358 999 1493 1040 paene

177 1056 231 1100 ad
282 1066 444 1110 pueros
494 1051 770 1105 ablegaverit.
852 1050 987 1108 Quod
1027 1064 1081 1095 an
1119 1067 1305 1108 unquam
1356 1057 1494 1101 visuri

176 1127 313 1170 simus
331 1154 347 1177 ,
382 1124 429 1168 in
451 1123 530 1167 hac
555 1131 703 1166 nostra
726 1121 977 1174 praesertim
1012 1132 1235 1177 tantopere
1276 1127 1486 1173 celebrata

177 1207 411 1253 puerorum
439 1192 802 1238 instituendorum
833 1191 1029 1249 ratione,
1066 1195 1340 1241 vehementer
1361 1198 1491 1243 dubi·

175 1279 335 1313 tamus.

235 1338 357 1393 Ergo
381 1334 575 1381 videmus
616 1345 668 1377 ex
697 1333 795 1390 ipso
826 1335 1030 1393 illorum,
1060 1350 1246 1395 quorum
1265 1342 1396 1388 verba
1416 1355 1493 1390 su-

176 1422 255 1465 pra
291 1403 606 1461 apposuimus,
645 1404 996 1451 Triumvirorum
1032 1415 1264 1468 exemplo,
1295 1413 1417 1458 aliam
1445 1417 1490 1462 in

171 1477 394 1525 discendis
430 1473 658 1528 utriusque
694 1474 892 1529 Linguae
922 1477 1170 1533 elementis,
1202 1482 1325 1527 aliam
1357 1486 1402 1530 in
1430 1490 1490 1531 Ie-

176 1549 328 1608 gendis
371 1545 667 1600 scriptoribus
695 1546 1007 1606 ingrediendam
1039 1560 1133 1593 esse
1164 1552 1276 1597 viam
1302 1568 1319 1610 3
1359 1567 1491 1613 atque

177 1624 263 1665 hoe
289 1630 422 1663 sensu
449 1625 563 1659 recte
588 1616 688 1660 illos
714 1628 1034 1677 praeposterum
1067 1621 1278 1679 iudicasse
1309 1630 1493 1682 puerilis·

179 1688 467 1739 institutionis
492 1688 701 1735 ordinem.
756 1691 987 1736 Videamus
1012 1694 1124 1751 Jam‚
1154 1707 1207 1740 an
1232 1709 1326 1742 eum
1351 1700 1452 1746 item
1470 1733 1489 1758 ‚

177 1763 309 1817 idque
324 1771 409 1804 tam
431 1759 603 1815 publice
617 1790 635 1814 ,
665 1774 788 1815 quam
801 1761 1028 1818 privatim,
1049 1764 1305 1813 abolendum
1325 1782 1366 1815 et
1393 1787 1490 1819 cum

178 1832 398 1878 contrario
436 1834 761 1886 permutandum
794 1836 1057 1882 censuerint.
1131 1827 1488 1888 Hemsterhusius

180 1907 353 1962 quidem
367 1903 476 1947 nihil
500 1903 576 1946 hac
599 1904 651 1945 de
665 1917 710 1946 re
734 1906 1234 1965 pronunciasselegitur:
1267 1911 1491 1957 nihilitem

178 1976 485 2025 Ruhnkenius.
546 1975 906 2031 WVyttenbachius
930 1988 1069 2023 autem
1085 2009 1102 2033 ‚
1134 1978 1215 2022 etsi
1247 1982 1300 2024 ad
1322 1982 1494 2027 uberIO-

178 2064 269 2095 rem
293 2049 684 2104 accuratioremque
722 2048 902 2093 Latinae
930 2048 1122 2105 Linguae
1145 2050 1362 2096 scientiam
1387 2039 1497 2097 cofi-

179 2125 333 2166 ducere
352 2121 593 2178 judicabat,
617 2122 655 2166 si
682 2123 862 2178 puerilis
883 2120 1130 2175 disciplinae
1148 2123 1350 2166 elementa
1370 2125 1492 2178 prius

179 2195 226 2238 in
266 2194 472 2246 Graecis,
516 2206 641 2247 quam
676 2194 876 2248 Latinis,
913 2202 1176 2248 ponerentur
1205 2192 1370 2248 liter153
1414 2195 1497 2238 etsi

181 2276 314 2318 porro
340 2274 388 2305 ut
416 2277 465 2305 ea
491 2267 605 2306 ratio
630 2265 857 2318 aliquando
893 2265 1056 2324 publice:
1080 2266 1408 2318 constitueretur
1428 2277 1498 2324 op-

181 2334 302 2378 tabat
314 2349 332 2388 ‚·
361 2344 534 2389 sperare
569 2345 706 2378 tamen
742 2349 822 2378 non
852 2334 1065 2386 audebat,
1108 2332 1209 2375 adeo
1250 2335 1388 2377 multa
1414 2346 1496 2379 esse

179 2420 288 2463 quae
328 2404 577 2462 prohibeant
591 2420 609 2459 ,·
652 2407 798 2449 saltem
836 2408 1041 2461 privatim
1074 2403 1355 2460 frequentari
1394 2421 1499 2463 pos·

181 2491 256 2531 se3
301 2486 415 2518 certe
452 2477 506 2518 iis
551 2476 773 2518 tenendam
804 2474 905 2529 fore
952 2478 1026 2531 qui
1059 2488 1238 2532 puerum
1281 2490 1305 2520 a
1348 2477 1496 2531 primis

182 2547 280 2593 inde
316 2546 439 2591 annis
472 2546 534 2590 ad
572 2548 784 2604 egregiam
820 2545 1075 2592 Litcrarum
1108 2549 1324 2593 scientiam
1360 2549 1500 2605 infor·

839 2617 884 2661 *B
913 2630 940 2662 2
1410 2628 1503 2662 ma-
