1879 3160
381 170 470 211 420
675 151 1402 200 ANNOTATIOAD

388 288 588 323 secutus:
622 286 698 318 nec
721 273 885 316 minore
910 273 1061 327 partim
1084 274 1295 317 alacritate
1310 307 1327 327 ‚
1357 278 1507 329 partim
1529 278 1686 321 doctri-

385 363 462 394 nae
497 347 672 398 fructu3
720 341 879 397 quippe
919 343 991 394 qui
1020 344 1127 386 intra
1155 359 1226 387 sex
1263 346 1468 388 mensium
1505 348 1686 401 spatium

386 416 594 462 duodecim
625 412 841 457 Plutarchi
879 412 1066 458 Codices
1100 418 1357 460 contulerit:
1402 426 1450 459 ut
1485 419 1686 462 novimus

385 502 438 530 ex
466 487 558 541 ejus
590 484 686 526 Vita
714 496 759 536 p.
791 496 870 537 103
894 497 964 536 sq.

384 573 386 576 ·
441 559 492 604 P.
520 569 592 610 71·
633 552 832 595 Miretur
862 555 955 608 quis
991 569 1082 597 eum
1122 559 1146 611 ζ
1160 559 1490 616 Ruhnkenium)
1528 573 1607 605 non
1644 562 1691 603 in

382 629 624 675 sodalitium
651 622 905 667 Academiae
934 625 1254 684 Inscriptionum
1281 630 1417 684 fuisse
1450 630 1692 687 adscitum]

382 700 525 754 Atqui
548 707 725 748 contra,
758 695 962 738 adscitum
989 710 1035 740 se
1068 697 1232 754 fuisse,
1261 704 1449 747 nondum
1485 713 1689 757 suscepto

386 771 604 817 Lutetiam
621 769 769 811 itinere
784 796 800 819 ‚
820 765 911 820 ipse
927 781 966 810 a.
985 781 1090 823 1753
1106 770 1279 823 scripsit
1293 772 1501 823 Ernesto,
1517 771 1690 825 Opusc·

390 844 451 887 T.
469 845 530 885 ΙΙ.
553 853 598 893 Ρ.
618 840 715 892 837:
753 869 780 890 ,‚
794 839 962 892 Coepi,
978 839 1145 894 inquit,
1163 838 1323 891 aliquid
1347 844 1621 885 commentari
1643 842 1690 886 in

391 947 420 971 ,‚
450 915 666 958 Marmora
677 920 835 962 vetera,
854 910 970 963 quod
986 909 1195 952 inseretur
1206 909 1428 953 Memoriis
1443 914 1691 958 Academiae

391 1020 420 1044 „
452 983 783 1037 Inscriptionum
814 992 855 1023 et
883 980 1183 1036 elegant-iorum
1209 980 1425 1024 literarum
1448 984 1688 1037 Parisinae‚

380 1067 421 1115 ⁴„
449 1061 518 1102 cui
560 1065 656 1099 ante
690 1053 866 1106 aliquod
902 1062 1068 1105 ternpus
1114 1052 1244 1094 socius
1274 1065 1363 1094 sum
1403 1053 1694 1111 adscriptus.”

391 1134 531 1188 Cujus
570 1123 870 1182 repugnantiae
911 1135 1076 1165 causam
1121 1132 1172 1162 ex
1215 1121 1492 1177 Ruhnkenii,
1534 1123 1692 1166 amicos

388 1215 516 1258 atque
556 1201 659 1243 adeo
698 1197 819 1239 etiam
849 1190 1232 1246 Wyttenbachium
1260 1193 1340 1236 ista
1368 1195 1574 1248 celantis,
1602 1208 1694 1238 mo-

382 1273 524 1317 destia
551 1267 824 1324 repetivimus
850 1264 894 1308 in
918 1262 1060 1306 Praef.
1090 1263 1258 1317 Opusc.
1286 1263 1463 1310 Ruhnk.
1491 1280 1537 1319 p.
1561 1274 1662 1312 xvr.

383 1366 388 1371 ·
445 1344 497 1387 P.
511 1355 588 1396 72.
609 1339 694 1383 Eos
714 1351 838 1381 aures
860 1336 1079 1380 hebetiores
1092 1367 1106 1388 ‚
1122 1337 1251 1378 oculos
1269 1350 1385 1377 acres
1405 1347 1531 1392 atque
1553 1350 1693 1383 acutos

388 1411 596 1465 habore.]
639 1410 930 1452 Herodoteum
964 1417 1058 1458 est,
1091 1407 1142 1456 I,
1171 1409 1224 1448 8:
1270 1408 1324 1450 τὰ
1354 1407 1438 1452 ὦτοι
1470 1411 1694 1465 &medum

379 1482 488 1528 ἐἶναι
514 1485 591 1525 τῶν
618 1474 870 1534 ὀφθαλμῶν·
904 1477 1021 1529 quod
1048 1474 1170 1516 muiti
1198 1474 1344 1516 multis
1376 1478 1513 1520 modis
1547 1492 1695 1533 postea

389 1552 540 1597 imitati
577 1561 707 1594 sunt:
752 1559 832 1591 suo
868 1547 968 1589 item
1003 1544 1172 1600 poetice
1215 1545 1422 1600 expressit
1455 1548 1693 1605 Horatius,

386 1625 446 1671 A.
476 1623 528 1668 P.
566 1625 646 1667 180
675 1634 746 1674 sq.

505 1695 679 1750 Segnius
702 1694 888 1734 irritant
910 1693 1068 1733 animos
1097 1687 1272 1731 demissa
1286 1700 1367 1746 per
1391 1702 1538 1733 aurem
1553 1719 1570 1743 ‚

505 1765 641 1821 Quam
673 1776 779 1819 quae
799 1771 905 1804 sunt'
919 1762 1043 1804 oculis
1067 1759 1248 1815 subjecta
1264 1758 1475 1811 fidelibus.

393 1838 471 1885 Cf.
513 1837 717 1879 Erasmus
750 1833 889 1886 Adag.
933 1846 981 1886 p.
1015 1835 1117 1885 248.
1199 1831 1346 1884 Atque
1383 1833 1467 1876 huc
1508 1834 1692 1888 pertinet

382 1909 504 1952 istud
538 1905 762 1951 Ciceronis
812 1917 891 1958 pro
933 1903 1106 1946 Plancio
1149 1904 1182 1945 l.
1208 1915 1248 1945 c.
1290 1905 1336 1944 in
1371 1904 1496 1945 oculis
1536 1906 1688 1947 civium

391 1980 617 2032 habitare,
650 1974 987 2030 WVyttenbachio
1012 1973 1246 2016 adhibitum
1275 1985 1373 2027 pag.
1401 1986 1494 2026 seq.

448 2055 501 2097 P.
527 2066 614 2107 73.-
647 2050 809 2104 lifagno
837 2047 977 2102 natu]
1017 2046 1176 2098 Recte,
1214 2045 1264 2086 de
1295 2054 1425 2086 aetate
1456 2046 1692 2098 provecta,

391 2134 443 2169 ut
467 2132 631 2179 praeter
645 2122 752 2163 alios
777 2127 995 2161 monuerat
1011 2116 1225 2159 Vavassor
1244 2117 1296 2158 de
1318 2115 1362 2158 vi
1389 2125 1429 2157 et
1451 2129 1534 2158 usu
1558 2116 1690 2159 Verb.

394 2209 440 2251 p.
478 2196 580 2248 561.
619 2191 776 2234 dudum
817 2198 912 2231 ante
951 2187 1319 2240 Lindemantium,
1364 2187 1433 2229 cui
1483 2187 1692 2229 immerito

394 2274 621 2320 suspectus
656 2262 740 2305 fuit
770 2263 891 2303 locus
928 2258 1114 2312 Nepotis
1148 2260 1245 2301 Dat.
1274 2257 1391 2311 VII,
1425 2268 1477 2301 1:
1510 2258 1694 2299 maximo

394 2346 500 2379 natu
517 2333 650 2387 filius.
711 2334 822 2376 Nam
853 2334 984 2375 altero
1007 2333 1104 2383 loco
1135 2330 1268 2386 Ages.
1301 2332 1344 2383 1,
1374 2341 1428 2384 3:
1462 2331 1535 2385 qui
1558 2328 1697 2371 maxi-

393 2422 482 2450 mus
518 2415 626 2448 natu
662 2418 712 2446 ex
738 2403 877 2446 liboris
913 2412 1043 2454 essct,
1074 2400 1150 2442 ubi
1179 2412 1280 2455 post
1305 2404 1515 2444 maximus
1549 2412 1600 2442 ex
1627 2411 1696 2440 sc-

396 2476 543 2530 quenti
566 2475 704 2518 liberis
732 2475 980 2517 subauditur
996 2472 1144 2526 filius,
1175 2472 1293 2515 aliter
1319 2472 1505 2515 scribere
1532 2466 1696 2520 Nepoti

396 2561 472 2592 nec
495 2545 650 2600 libuit,
682 2558 760 2590 nec
784 2545 920 2589 licuit.
984 2544 1061 2590 Cf.
1085 2544 1378 2599 Heusingcrus
1403 2543 1448 2587 in
1474 2541 1633 2588 Indice.

1588 2611 1698 2655 lbid.
