1879 3160
281 196 641 246 ELOGIUM
687 197 1300 256 HEMSTERHUSII·
1360 214 1450 267 331

203 325 304 379 Pag.
335 328 406 380 67.
466 322 803 381 Aristophanes]
863 321 1023 365 Passim
1061 336 1445 371 commemorantur

149 394 462 436 Hemsterhusii
495 394 806 437 emendationes
832 404 871 436 ct
899 395 1282 440 animadversiones
1310 397 1445 441 inedi-

148 473 211 506 tae
242 492 258 516 ,
298 463 348 506 ab
384 467 472 520 ejus
510 463 727 516 discipuiis
768 463 1068 509 Valckenaerio
1089 499 1104 519 ‚
1133 453 1444 522 'Ruhnkenio‚

148 535 268 578 aliis:
306 535 347 578 in
378 535 676 589 Aristophanis
706 536 872 588 quidem
896 539 1174 582 Scholiastam
1209 539 1445 582 emendatio

148 618 282 650 exstat
308 608 351 650 in
376 607 489 648 iliius
520 605 655 649 Diatt.
686 605 840 661 Eurip.
872 622 918 662 p.
950 624 1043 665 131.

205 678 317 722 lbid.
378 679 580 720 Oratores
621 680 797 734 Attici]
869 680 1123 734 Speciminis
1162 684 1262 725 loco
1298 681 1449 725 confe-

149 762 327 807 rantur,
360 763 466 803 quae
502 748 719 793 attulimus
764 750 815 793 ad
858 749 1058 795 Isocratis
1097 751 1311 806 Areopag.
1343 765 1390 806 p.
1418 767 1445 807 9

147 836 188 869 et
218 840 292 880 71.

205 899 315 942 lbid.
378 897 647 952 Theocritus]
706 894 793 938 Vid
834 893 1128 937 Valckenaerii
1157 895 1369 939 PraefatIO
1395 896 1447 938 ad

150 969 414 1024 Theocriti,
454 969 600 1012 Bionis
637 978 678 1010 et
715 966 894 1010 Moschi
927 964 1152 1007 editionem
1178 996 1194 1017 ,
1239 967 1283 1009 in
1321 969 1445 1022 cujus

146 1041 253 1084 Var.
284 1041 407 1083 Lect.
433 1040 587 1094 passim
611 1048 866 1080 memoratur
890 1036 945 1082 T.
965 1036 1022 1079 H.
1047 1035 1077 1077 i.
1106 1048 1147 1080 e·-
1179 1036 1283 1079 Tib.
1315 1036 1448 1079 Hem-

146 1114 282 1156 sterh.
315 1109 741 1154 Animadversionum
760 1107 989 1164 specimina
1012 1108 1094 1160 jam
1118 1117 1236 1150 antea
1267 1108 1446 1150 Valcke-

147 1183 312 1226 naerius
349 1182 517 1223 dederat
550 1180 602 1222 ad
642 1178 864 1221 Theocriti
897 1180 1051 1221 Decem
1083 1177 1211 1230 Idyli.
1257 1176 1325 1217 ed.
1367 1179 1443 1219 alt.

145 1268 191 1309 p.
219 1268 274 1309 94
299 1267 367 1307 sq.
396 1264 499 1303 ³¹⁷,
522 1262 631 1303 143,
651 1262 761 1303 175,
794 1251 905 1298 180,
937 1251 1049 1303 183,
1084 1259 1192 1302 371,
1225 1258 1266 1289 et
1291 1247 1446 1290 fortas-

145 1338 190 1368 se
212 1323 304 1367 aliis
329 1322 452 1366 locis.
498 1320 682 1376 Elegans
709 1320 751 1363 in
773 1319 918 1374 primis
944 1322 1025 1364 viri
1047 1318 1280 1363 acutissimi
1307 1332 1450 1363 emen-

144 1394 288 1446 datio,
327 1393 484 1447 Idyllio
528 1391 621 1443 Vl,
658 1402 728 1436 11·
771 1395 894 1434 σαίνει
931 1404 1010 1444 pro
1051 1392 1188 1447 <palm
1232 1391 1445 1445 legentis,

145 1474 400 1507 memoratur
426 1474 466 1504 et
494 1463 545 1504 ad
580 1461 699 1502 illum
735 1462 874 1503 locum
891 1488 907 1514 ,
941 1472 981 1503 et
999 1463 1051 1504 ad
1073 1461 1229 1515 Eurip.
1256 1462 1443 1516 Hippoi.

146 1550 191 1590 p.
221 1538 336 1589 256,
370 1549 426 1585 2,
460 1532 516 1577 C.
575 1531 673 1574 Alia
710 1529 753 1573 in
787 1531 1071 1586 Euripidem,
1101 1531 1209 1574 ibid.
1250 1545 1298 1586 p.
1326 1543 1444 1587 224,

145 1622 164 1651 1
185 1638 200 1660 9
232 1608 290 1650 Α.
330 1610 372 1647 rll
401 1617 450 1645 ιφ
483 1588 618 1640 (fuiti.
643 1612 683 1659 χ’·
718 1601 790 1636 357.

200 1677 311 1720 lbid.
373 1675 617 1734 Apollonius
641 1676 864 1733 Rhodius]
895 1677 1000 1722 Vid.
1022 1675 1270 1722 Ruhnkenii
1294 1675 1443 1730 Epist·

143 1750 257 1795 Crit.
291 1749 347 1791 ΙΙ.
381 1761 428 1802 p.
476 1762 556 1803 190
592 1761 659 1801 sq.
697 1750 786 1793 sive
812 1750 1027 1803 Opuscul.
1073 1748 1209 1793 '1·.11.
1255 1763 1302 1804 p.
1331 1750 1442 1801 600,

140 1824 224 1864 601
257 1834 327 1873 sq.
388 1821 455 1863 Ex
479 1822 562 1863 alio
585 1833 737 1876 genere
764 1833 893 1875 sunt,
926 1835 1033 1875 quae
1067 1822 1250 1875 protulit
1288 1821 1444 1863 ibidem

138 1892 224 1945 Ep.
255 1892 336 1934 Cr.
359 1892 395 1934 Ι.
428 1906 473 1946 p.
499 1895 571 1936 68.
604 1904 645 1935 et
672 1894 729 1937 ΙΙ.
763 1908 790 1947 p
839 1908 949 1946 2·4:
983 1893 1226 1948 posteriore
1270 1891 1439 1945 quidem

138 1965 237 2007 loco
270 1975 320 2004 ex
357 1963 671 2007 Hemsterhusii
709 1963 1019 2009 Schediasmate
1040 1964 1200 2008 inedito
1228 1961 1279 2005 de
1299 1960 1444 2005 verbo·-

138 2049 232 2076 rum
251 2033 408 2088 formis
432 2035 602 2077 Doricis
619 2033 870 2087 Laconicis,
909 2020 1019 2078 ceet.
1053 2037 1136 2080 Sed
1152 2035 1223 2078 ubi
1240 2035 1291 2076 de
1306 2034 1442 2076 Mstis

140 2106 219 2147 viri
257 2107 407 2148 summi
432 2104 624 2158 reliquiis
667 2103 836 2158 agitur,
877 2118 1053 2158 quarum
1077 2107 1174 2150 item
1205 2106 1364 2150 mentio
1390 2106 1439 2148 fit

142 2176 184 2218 in
208 2177 344 2220 Catal.
374 2177 442 2219 Te
469 2177 585 2219 &Vae
619 2178 650 2218 l.
671 2189 712 2220 c.
744 2190 787 2229 p.
818 2190 865 2231 31
885 2209 900 2230 ,
932 2178 1105 2222 silentio
1119 2192 1206 2223 non
1233 2188 1296 2219 est
1320 2188 1438 2230 prae-

139 2257 244 2290 teret
261 2249 387 2290 ndum
409 2278 424 2300 ‚
459 2249 575 2301 quod
596 2261 618 2290 a
646 2248 933 2292 literatissimo
961 2263 1061 2293 sene
1088 2251 1158 2292 M.
1199 2248 1440 2300 Tydeman·

139 2331 195 2362 no
227 2318 498 2371 accepimus,
531 2320 738 2362 editurum
766 2334 860 2363 eum
895 2320 1121 2373 aliquando
1155 2318 1287 2372 fuisse
1322 2317 1437 2371 Jam-

137 2389 268 2432 blichi
308 2400 465 2443 partem
504 2390 815 2443 posteriorem,
858 2392 948 2434 sive
993 2387 1337 2441 protrepticum:
1381 2387 1433 2429 de

138 2472 263 2513 quo,
311 2471 475 2513 praeter
513 2461 749 2503 Fabricium
800 2461 1008 2504 Biblioth.
1053 2462 1207 2503 Graec.
1255 2455 1311 2499 T.
1349 2455 1432 2500 lv.

136 2536 315 2586 p.289,
349 2541 514 2574 constat
534 2543 583 2573 ex
598 2530 719 2573 Actis
732 2531 869 2574 Erud.
888 2530 1016 2586 Lips.
1037 2544 1078 2575 a·
1106 2541 1232 2584 1710.
1261 2541 1309 2583 p·
1325 2540 1429 2583 272·

133 2614 327 2677 21714·
358 2618 404 2659 p·
431 2617 506 2658 47·
537 2617 573 2647 a·
604 2614 728 2658 1715·
760 2617 806 2659 p·
832 2616 906 2658 95·
1317 2673 1411 2719 nu

1348 2687 1380 2715 71
1415 2702 1427 2717 n
