1879 3160
550 175 1230 238 i'JRAErA'rio.⁴
1471 206 1521 235 m

210 323 288 367 mis
313 333 441 376 capax
468 331 561 360 esse
583 321 722 369 solet,
749 317 784 358 si
814 318 934 369 quod
958 317 1104 369 aliud,
1131 316 1366 371 J'ucundum
1394 325 1434 357 et
1458 328 1527 356 ac·

209 400 542 443 commodatum.
575 394 759 437 Primum
775 393 1186 436 animadversionum
1206 405 1340 446 genus
1359 423 1373 444 ,
1410 393 1526 445 quod

213 479 256 522 in
284 476 471 518 Latinae
501 474 672 526 linguae
707 480 900 512 versatur
933 472 1107 512 scientia
1127 499 1141 521 ‚
1174 481 1400 522 numquam
1435 468 1526 510 sor-

213 564 326 595 tasse
344 581 358 602 .,
392 559 462 591 aut
489 549 620 589 rarius
646 556 786 599 certe,
820 545 1050 588 adhibituri
1075 556 1242 587 eramus
1259 575 1276 598 ‚
1307 544 1389 588 nisi
1418 543 1529 586 fuis-

215 638 308 669 sent·
340 626 415 678 qui
443 626 486 668 in
525 623 772 666 Latinitatis
811 635 940 676 purae
973 632 1196 674 castaeque
1231 620 1392 676 judicio
1431 622 1531 674 plus

219 702 303 746 sibi
337 713 487 756 sapere
528 702 804 752 viderentur,
838 711 960 752 quam
991 709 1063 740 aut
1099 696 1417 748 Ruhnkenius,
1459 705 1533 739 aut

218 774 612 832 WVyttenbachius3
647 776 806 828 quique
829 777 933 817 adeo
960 774 1223 816 limatissima
1239 773 1391 816 horum
1417 771 1535 826 prin-

218 855 360 909 cipum
402 855 591 895 virorum
640 852 798 905 scripta
843 851 956 893 haud
991 849 1235 892 dubitarent
1265 849 1403 891 obelis
1444 848 1534 890 suis

216 941 503 984 compungere
529 927 970 980 castigationibusque
1007 937 1175 968 vexare.
1237 925 1356 978 Ergo
1388 936 1536 967 omnes

219 1007 322 1048 istas
358 1001 639 1046 Lindemanni
671 1000 906 1042 aliorumve
952 1001 1153 1042 molestas
1183 999 1537 1052 reprehensiones

221 1079 452 1123 sumsimus
491 1075 618 1120 nobis
658 1074 904 1130 diligentius
939 1075 1230 1118 examinandas
1273 1085 1313 1117 et
1344 1075 1536 1117 severius

219 1153 537 1210 dijudicandas:
589 1152 700 1196 unde
742 1161 863 1194 natae
909 1162 1011 1194 sunt
1036 1153 1292 1205 ‘complures
1317 1181 1333 1204 ,
1380 1163 1538 1203 eaeque

221 1230 402 1273 subinde
445 1229 662 1284 longiores
704 1228 1033 1280 annotationes,
1081 1241 1187 1282 quae
1228 1227 1264 1270 si
1301 1227 1445 1279 forte,
1489 1237 1538 1268 ut

221 1305 409 1360 vulgaris
452 1304 536 1348 fert
587 1307 818 1348 multorum
872 1304 1111 1356 sententia,
1159 1303 1331 1346 Lexicis
1387 1303 1539 1346 melius

223 1383 450 1426 videantur
479 1381 712 1426 convenire
736 1412 752 1434 ‚
797 1383 867 1424 vel
911 1382 963 1423 ad
999 1381 1126 1424 alium
1159 1381 1351 1434 quemvis
1401 1380 1540 1434 scrip-

226 1469 363 1501 torem
401 1458 539 1501 afferri
571 1471 704 1511 aeque
736 1457 964 1512 potuisse,
995 1469 1042 1499 ea
1075 1467 1213 1499 tamen
1245 1459 1542 1510 plerarumque

224 1535 332 1577 ratio
357 1546 420 1578 est
439 1565 455 1588 ‚
480 1545 528 1577 ut
551 1535 732 1588 aliquam
749 1532 932 1576 habeant
957 1546 1050 1575 cum
1076 1533 1325 1577 Ruhnkenii
1344 1543 1386 1575 et
1411 1533 1541 1586 Wyt-

226 1610 440 1653 tenbachii
474 1611 598 1653 dictis
636 1611 1004 1666 conjunctionem.
1076 1610 1229 1652 Mirari
1266 1621 1403 1652 autem
1438 1609 1539 1649 satis

229 1698 318 1728 non
360 1687 622 1738 possumus,
673 1689 749 1739 qui
792 1685 949 1728 factum
978 1686 1035 1727 sit
1061 1715 1077 1737 ‚
1121 1696 1202 1737 ut,
1261 1684 1543 1738 quotiescun-

235 1774 317 1813 que
351 1761 395 1803 in
425 1760 666 1803 interiorem
698 1761 941 1804 Latinitatis
978 1761 1218 1816 rationem,
1260 1763 1543 1813 locorumque

236 1836 374 1879 obelis
417 1847 662 1879 notatorum
714 1837 1033 1891 intelligentiam
1084 1845 1434 1890 penetraremus‚
1478 1846 1546 1878 to-

237 1893 317 1954 ties
348 1911 437 1954 fere
461 1912 588 1954 ubera
615 1911 686 1954 illa
725 1912 1106 1965 reprehensionum
1145 1926 1297 1967 seges,
1329 1914 1543 1965 palearum

235 1988 366 2030 instar
390 2019 405 2040 ‚
439 1988 720 2041 dissiparetur
746 2002 1039 2044 prorsusque,
1075 1993 1191 2044 quod
1210 1989 1441 2044 proverbio
1461 1988 1547 2030 fcr-

236 2073 334 2115 tur,
364 2063 587 2118 insumam
615 2064 780 2119 abirct;
811 2068 959 2118 partim
1000 2068 1117 2120 quod
1150 2067 1314 2109 illarum
1351 2077 1546 2108 auctores

238 2139 378 2181 minus
401 2151 662 2193 perspectam
687 2141 937 2186 habuissent
962 2142 1128 2196 linguae
1156 2143 1355 2186 indolem
1380 2154 1420 2184 et
1446 2155 1549 2184 con-

239 2216 540 2270 suetudinem3
574 2218 727 2271 partim
754 2220 900 2272 quod,
926 2232 1029 2273 quae
1057 2220 1307 2272 ceteroquin
1328 2219 1435 2262 bene
1464 2219 1549 2261 sibi

241 2302 462 2345 perspecta
483 2293 758 2349 habuissent,
790 2299 842 2339 ad
874 2298 986 2339 hunc
1011 2296 1185 2339 illumve
1200 2296 1448 2339 Ruhnkenii
1478 2306 1550 2343 aut

243 2367 567 2420 wyttenbachii
612 2374 754 2414 locum
806 2386 1026 2427 perperam
1069 2373 1355 2427 retulissent3
1398 2373 1548 2426 partim

200 2484 203 2494 Ἰ,
243 2444 365 2485 etiam
397 2447 511 2497 quod
543 2448 686 2490 aetatis
715 2459 888 2492 nostrae
915 2447 1266 2493 consuetudinem
1285 2481 1299 2502 ‚
1334 2450 1402 2491 cui
1442 2462 1552 2492 non-

243 2532 460 2573 nunquam
490 2521 648 2574 aliquid
671 2525 852 2566 dandum
879 2535 973 2576 est,
1007 2524 1057 2566 ab
1089 2539 1169 2567 usu
1193 2537 1383 2569 veterum
1413 2539 1554 2569 secer-

244 2609 343 2638 nere
365 2597 675 2642 nescivissent:
719 2600 762 2641 in
800 2613 886 2652 quo
925 2601 1029 2642 adeo
1070 2615 1194 2655 saepe
1223 2606 1491 2656 multumque
1531 2616 1551 2645 a

247 2673 391 2714 miritis
414 2674 577 2727 peccari
598 2677 738 2730 solet,
771 2676 881 2719 haud
904 2676 1086 2721 indoctis
1113 2679 1197 2722 illis
1229 2680 1394 2734 quidem
1416 2674 1556 2722 homi-

1491 2758 1555 2797 ni·
