1879 3160
355 148 639 204 vi'rAM
700 146 1224 206 RU'HNK'ENH.
1365 162 1460 212 4‘01‘

148 281 338 324 'Addatur
365 280 504 324 Pracf.
536 281 587 323 ad
614 279 806 332 Hesych.
840 279 945 323 ibid.
978 295 1024 336 p.
1058 282 1134 327 186
1157 289 1226 336 sq.
1255 285 1298 326 et¹
1323 280 1445 326 confi

144 353 379 396 Bernardus
404 353 453 394 ad
483 352 704 394 Reiskium
736 363 781 403 p.
804 361 904 406 401·⁹

201 425 250 468 Ρ.
284 438 358 477 44.
421 420 800 478 jurisprudentiae
836 420 1018 463 studium
1036 452 1052 474 ‚
1092 424 1163 464 cm·
1201 438 1280 467 non
1319 425 1447 468 solum

141 497 416 537 'communiter
449 496 540 532 cum
580 491 748 534 alumno
789 501 828 532 et
866 492 1154 537 contubernali
1182 511 1251 539 suo
1283 501 1449 554 operam

145 564 275 606 dabat
298 559 540 606 'ventitando
561 561 742 616 quotidie
763 564 808 602 in
832 564 987 606 scholas
1009 563 1295 618 Professorum
1311 597 1324 617 ‚
1356 575 1450 607 tra-

145 633 326 689 ditisque
361 631 473 674 domi
505 632 842 686 commentando,
873 633 944 675 scd
975 647 1042 676 sllo
1077 637 1162 690 ipse
1187 636 1353 677 consilio
1374 646 1450 692 ped

144 706 349 747 culiarem
379 702 558 745 laborem
584 703 932 761 diligentiamque
959 703 1272 761 impendebat]
1306 706 1452 746 Alam-

146 789 228 819 nus
253 778 352 829 ille,
384 777 436 818 de
465 787 551 828 quo
587 775 654 817 hic
681 787 721 818 et
748 778 875 819 modo
894 788 989 821 ante
1010 777 1177 831 agitur,
1213 774 1454 816 Meerman⁶

146 860 228 890 nus
273 856 337 889 est
376 848 514 890 minor
539 878 555 899 ‚
600 847 779 890 Germ-di
812 848 978 900 frater,
1020 859 1067 890 ut
1107 855 1274 889 constat
1311 857 1360 886 cx
1400 844 1451 886 iis

150 928 256 970 quae
293 918 474 960 diximus
513 924 642 970 supra
675 919 726 960 ad
754 924 799 972 p.
835 933 907 963 21.
962 915 1326 975 jurisprudentiae
1363 925 1456 957 stu*

150 988 262 1031 dium
296 992 419 1042 quale
446 989 574 1031 fucrit
592 1019 608 1040 ‚
640 989 882 1032 distinctius
912 989 1164 1042 intelligitur
1196 1000 1246 1029 ex
1271 985 1323 1027 iis
1348 992 1454 1037 quae

148 1058 320 1112 scripsit
344 1072 381 1103 a.
407 1070 534 1116 1745.
563 1059 846 1101 Ruhnkenius
872 1058 1040 1112 Wilpio
1057 1089 1072 1111 ‚
1101 1058 1455 1099 studiorumsuoa

150 1141 240 1170 rum
277 1129 313 1170 ei
339 1130 514 1171 reddens
544 1129 747 1172 rationem
771 1159 790 1182 ³
848 1129 1016 1182 Opusc.
1064 1126 1123 1170 T.
1163 1128 1221 1171 ΙΙ.
1265 1140 1311 1180 ps
1343 1130 1454 1180 8732

155 1223 182 1253 ·,‚
215 1199 383 1242 Interim
412 1200 454 1242 in
472 1201 548 1242 hac
574 1200 794 1243 Academia
820 1201 944 1243 horas
977 1195 1222 1240 subscc1vas
1255 1199 1458 1241 Constan-

155 1296 182 1322 „
211 1271 294 1311 tim‘
320 1269 627 1328 Harmenopuli
657 1271 817 1315 Graeco
847 1271 1119 1314 promtuario
1142 1269 1270 1326 Jttrt's
1299 1269 1460 1312 Romae

154 1366 181 1396 §a
211 1344 256 1383 ni
281 1342 536 1384 emendando
565 1352 606 1384 et
629 1342 881 1387 illustrando
918 1342 1081 1394 dicavi,
1114 1340 1318 1384 invitatus
1344 1342 1394 1384 ad
1416 1335 1459 1384 id

156 1443 184 1466 „
213 1426 309 1456 cum
337 1410 473 1455 MSS.
509 1426 613 1464 quae
647 1414 914 1461 Bibliotheca
951 1410 1121 1464 publica
1157 1422 1344 1454 asservat
1383 1424 1461 1454 co·

156 1510 184 1537 —„
213 1483 311 1537 pia,
358 1493 447 1525 tum
481 1493 584 1527 vero
630 1483 767 1537 magni
802 1481 1112 1524 Hemsterhusii
1150 1481 1229 1523 mei
1261 1484 1463 1526 volunta·

159 1585 186 1607 „
215 1553 319 1596 te.”
350 1565 396 1594 ac
425 1553 607 1597 triennio
632 1567 731 1609 post
757 1554 952 1602 Rittero,
982 1552 1085 1594 ibid.
1117 1566 1162 1606 p.
1193 1553 1303 1606 769:
1349 1554 1459 1606 „Ex

158 1650 184 1678 5,
216 1625 296 1666 hoc
315 1623 513 1666 thesauro
539 1626 765 1679 (loquitur
788 1626 838 1667 de
863 1623 1073 1669 Biblioth.
1098 1624 1290 1678 Publica)
1315 1626 1459 1678 potio-

159 1728 186 1750 „
216 1711 259 1739 ra
292 1698 559 1739 Constantino
594 1697 901 1756 Harmenopulo
929 1704 1173 1740 ornamenta
1209 1695 1455 1749 depromsig

157 1799 184 1820 ,,
215 1769 337 1823 cujus
363 1779 442 1820 ego
473 1768 671 1822 πρόχειρον
712 1771 865 1821 νόμων,
906 1781 1000 1810 cum
1027 1763 1221 1819 plurimis
1250 1763 1387 1807 MSS.
1416 1774 1460 1807 et

92 1867 96 1871 -
158 1863 185 1891 ⁵,
214 1837 438 1889 Basilicis‚
466 1837 701 1892 horumque
723 1839 902 1893 synopsi
923 1840 1152 1886 collatum,
1177 1835 1313 1878 indies
1327 1835 1458 1890 magis

124 1903 128 1905 ’
158 1940 185 1963 ‚‚
214 1922 260 1951 ac
280 1907 412 1962 magis
431 1911 653 1963 perpofin,
687 1920 733 1953 ut
753 1910 978 1963 aliquando
999 1909 1115 1964 digni
1140 1906 1242 1961 quid
1264 1915 1305 1947 ct
1331 1905 1426 1948 Tua
1441 1927 1458 1959 ς

161 2008 188 2035 ‚,
219 1981 274 2022 mi
298 1980 465 2023 Rittere
484 2010 500 2032 ‚
533 1990 574 2022 et
605 1990 841 2022 ceterorum
869 1981 1092 2023 doc'torum
1121 1978 1345 2032 disciplina
1367 1978 1463 2019 ede-

160 2083 188 2106 „
219 2067 261 2095 re
277 2053 454 2106 possim.
474 2052 505 2070 ”
537 2051 618 2093 Sed
643 2052 914 2105 propositum
931 2083 946 2106 ‚
971 2052 1041 2095 diu
1057 2052 1215 2094 frustra
1239 2059 1460 2103 exspecta·

157 2121 213 2165 tis
230 2120 757 2176 Cujaciicastigationibus
781 2122 950 2165 Ineditis
968 2155 982 2177 ,
1008 2124 1160 2166 effectu
1178 2121 1328 2164 caruit.
1362 2107 1461 2163 'Fuit

162 2201 299 2233 autem
354 2190 700 2244 I-Iarmenopulus
751 2192 938 2247 scriptor
990 2192 1124 2236 seculi
1168 2189 1288 2233 XlV,
1335 2201 1460 2243 quem

160 2271 310 2316 postea
334 2259 415 2301 sibi
442 2261 698 2303 tractandum
724 2263 877 2306 sumsit
905 2262 965 2305 G.-
998 2263 1055 2305 O.
1081 2262 1306 2318 Reitzius‚
1337 2263 1460 2316 qu'us

157 2334 323 2375 demum
361 2340 462 2384 post
486 2330 680 2383 obitum,
723 2344 896 2376 curante
934 2334 1025 2375 filio
1068 2332 1126 2378 C.
1163 2333 1222 2378 C.
1254 2330 1461 2385 Reitzio5

160 2403 324 2446 tandem
352 2401 510 2454 prodiit
534 2402 663 2444 editio
679 2434 692 2455 ‚
720 2402 875 2444 inserta
893 2403 1199 2456 Supplemento
1213 2402 1332 2446 Novi
1346 2402 1463 2445 The-

161 2474 271 2518 sauri
291 2473 409 2530 Juris
434 2472 589 2517 Civilis
619 2471 965 2516 Meermanniano
987 2502 1004 2526 ,
1036 2486 1130 2516 cum
1155 2486 1176 2516 a
1202 2472 1462 2516 Ruhnkenio

885 2541 960 2584 CC
1373 2549 1471 2598 qui-
