1879 3160
316 251 402 307 284
567 244 749 292 VITA
799 240 860 284 D.
904 229 1359 290 RUHNKENH.

314 373 431 418 tibus
475 372 693 418 faverent,
741 375 782 409 et
821 364 1002 418 aliquam
1045 363 1089 407 in
1124 376 1170 406 re
1196 363 1368 418 publica
1392 380 1615 421 personam

305 451 526 501 gererent.
584 436 674 492 Qui
703 435 870 489 quidem
899 450 1040 480 mores
1075 436 1489 492 proficiscebantur,
1520 452 1618 482 cum

314 529 366 559 ex
391 506 773 562 naturali'quadam
812 507 938 551 animi
968 509 1260 553 benivolentia
1293 521 1341 551 ac
1380 508 1618 562 modestia,

308 598 399 631 tum
426 596 479 626 ex
513 582 617 634 illa,
650 580 702 623 de
740 592 822 632 qua
857 592 983 634 saepe
1022 581 1239 635 d1ximus,
1272 580 1506 634 facilitate,
1538 594 1623 635 qua

310 671 387 710 se,
419 664 469 699 ut
490 651 613 704 aliis,
646 650 704 694 ita
730 648 813 692 sibi
839 648 933 703 ipse
954 648 1120 693 facilem
1150 651 1394 706 praebebat.
1451 651 1621 706 Igitur,

311 737 591 784 posteaquam
622 721 776 765 mentis
809 719 939 763 aciem
977 720 1091 764 domi
1112 723 1351 766 Literarum
1375 723 1526 766 studiis
1558 724 1623 768 in-

315 799 524 842 tendisset
541 827 556 849 ,
588 795 656 837 his
681 792 840 836 relictis
860 824 875 846 ,
909 806 996 835 eam
1019 795 1232 837 remittere
1252 827 1264 845 ‚
1299 805 1339 836 et
1361 794 1402 837 in
1430 807 1626 837 commu-

314 870 361 914 ni
386 869 474 913 vita
497 868 590 922 ipse
615 864 854 910 eommunis
882 877 975 906 esse
1007 865 1194 908 volebat.
1258 864 1520 918 Scripseram
1549 866 1624 908 ali·

318 942 491 997 quando
527 938 723 995 (ΙΙΙ),
770 949 946 991 magnos
990 935 1107 979 viros
1150 938 1173 979 a
1214 937 1328 979 curis
1367 948 1538 990 rerum,
1582 937 1628 981 in

320 1014 480 1070 quibus
517 1010 799 1062 excellerent,
833 1022 878 1051 se
918 1007 974 1050 ita
1014 1009 1199 1050 relaxare
1233 1006 1387 1048 solitos
1424 1020 1548 1060 esse,
1581 1017 1632 1052 ut

317 1087 440 1129 etiam
479 1082 589 1127 infra
621 1078 896 1124 mediocrium
938 1089 1104 1133 captum
1141 1077 1361 1120 hominum
1394 1090 1542 1132 sapere
1567 1077 1631 1119 vi·

319 1160 538 1204 derentur.
598 1151 680 1195 Hic
707 1150 743 1192 ei
783 1153 907 1193 locus
945 1150 1121 1193 mirifice
1142 1147 1363 1204 placebat:
1411 1178 1438 1200 ‚‚
1465 1147 1632 1203 Hujus-

317 1227 467 1281 modi,
499 1224 667 1279 inquit,
700 1224 825 1277 plane
850 1234 986 1264 meum
1018 1231 1082 1263 est
1112 1221 1356 1275 negotium:
1390 1233 1470 1274 ego
1495 1218 1630 1262 finitis

321 1300 517 1356 quotidie
542 1294 701 1341 scholis
718 1326 734 1348 ,
765 1294 1040 1347 munerisque
1067 1293 1259 1348 partibus
1281 1291 1492 1348 peractiS,
1523 1291 1631 1343 Pro-

318 1374 527 1418 fessorem
550 1370 719 1423 depono
740 1379 818 1410 nec
845 1365 961 1409 foras
991 1378 1157 1408 mecum
1183 1366 1311 1410 effero
1335 1366 1380 1408 in
1406 1364 1630 1419 publicum

321 1444 525 1502 prodIens
541 1472 557 1494 .,
581 1448 653 1481 aut
678 1436 836 1480 amicos
863 1436 1082 1481 invisens:
1115 1450 1192 1480 nec
1215 1437 1354 1489 facio,
1380 1437 1498 1490 quod
1520 1449 1630 1479 non-

322 1516 431 1562 nulli
449 1547 464 1569 ,
495 1525 569 1567 qu1
583 1508 744 1560 ub1que
770 1507 1063 1553 Professorem
1087 1506 1394 1550 circumferunt
1416 1517 1458 1550 et
1485 1517 1631 1550 osten-

230 1595 442 1649 264tant.
478 1598 556 1640 ego
594 1578 886 1633 aequalitatem
925 1591 1052 1631 amO,
1085 1588 1126 1621 et
1163 1579 1273 1622 inter
1302 1578 1409 1621 alios
1436 1577 1636 1621 homines

325 1671 439 1706 unus
466 1669 517 1704 ex
545 1651 692 1696 multis
721 1664 813 1693 esse
838 1653 961 1694 volo.
981 1651 1012 1669 '’
1071 1651 1207 1706 Igitur
1234 1650 1399 1694 cunctis
1419 1650 1635 1706 J'ucundus

325 1743 367 1777 et
393 1725 585 1775 amabilis
615 1733 727 1767 erat·
760 1721 1018 1766 admirabilis
1048 1735 1136 1765 non
1175 1722 1305 1773 item,
1338 1720 1421 1763 nisi
1444 1719 1527 1772 iis,
1562 1718 1638 1772 qui

327 1805 419 1860 ejus
455 1796 618 1854 ingenii
655 1793 960 1847 doctrinaeque
998 1793 1330 1848 magnitudinem
1360 1789 1538 1833 interius
1573 1789 1639 1833 in·

325 1875 571 1930 spicerent:
605 1868 722 1921 quod
761 1866 887 1921 pauci
919 1875 1149 1920 poterant,
1193 1862 1314 1905 etiam
1355 1874 1532 1915 eorum,
1566 1860 1642 1915 qui

327 1947 462 1998 vulgo
486 1940 640 1985 literati
673 1939 903 1982 habentur.
964 1937 1094 1994 Quod
1122 1935 1174 1978 ad
1201 1944 1288 1975 rem
1324 1931 1554 1975 faciendam
1577 1941 1640 1973 at·

329 2016 464 2068 tinet,
509 2027 606 2056 sero
643 2010 842 2063 demum,
876 2019 917 2053 et
955 2005 1154 2050 extremis
1189 2004 1303 2047 vitae
1326 2003 1476 2054 annis,
1505 2000 1643 2043 sensit

331 2088 424 2142 ejus
457 2081 585 2126 officii
619 2080 911 2125 necessitate-m
931 2109 946 2131 ‚
977 2077 1165 2120 fructum
1201 2076 1388 2130 ejusdem
1418 2071 1642 2131 percipere

331 2171 422 2204 non
455 2154 623 2211 potuit:
659 2163 869 2196 caeterum
908 2149 991 2194 sibi
1026 2149 1119 2204 ipse
1148 2146 1332 2203 ignovit.
1395 2175 1422 2196 ‚‚
1451 2145 1640 2194 Fateor,

332 2229 505 2283 inquit,
541 2240 608 2269 me
635 2225 678 2269 in
707 2238 753 2267 re
788 2223 975 2278 augenda
1006 2233 1084 2264 nec
1113 2218 1212 2261 mihi
1245 2230 1323 2260 nec
1356 2216 1449 2259 aliis
1472 2213 1644 2258 satisfe-

333 2303 474 2346 cisse:
510 2300 585 2341 sed
612 2297 714 2351 quid
738 2295 956 2340 facerem?
988 2292 1071 2336 feci
1100 2300 1303 2344 quantum
1328 2287 1483 2342 potui:
1518 2286 1555 2329 si
1582 2295 1646 2329 at·

336 2374 496 2419 teutior
527 2371 651 2418 etiam
694 2368 874 2412 fuissem
893 2398 908 2420 ,
940 2365 1000 2410 nil
1030 2376 1195 2414 tamen,
1230 2361 1348 2414 quod
1369 2372 1522 2414 operae
1547 2370 1643 2412 pre·

337 2448 442 2490 tium
474 2454 614 2497 esset,
647 2443 698 2486 ad
723 2453 930 2485 summam
960 2435 1131 2480 consilii
1155 2432 1450 2489 profecissem.
1510 2428 1648 2471 Fami-

338 2517 392 2561 lia
420 2516 522 2559 mihi
559 2530 605 2559 ea
635 2515 735 2568 est,
765 2512 833 2556 cui
863 2511 1043 2555 honeste
1081 2506 1252 2551 alendae
1279 2505 1359 2548 mei
1385 2501 1550 2558 quidem
1581 2512 1645 2540 rc-

1584 2571 1650 2613 di·

390 2674 413 2725 (
437 2686 504 2715 ιιι
526 2674 547 2724 >
577 2675 756 2713 Bibliotlx.
781 2672 880 2713 Crit.
901 2668 991 2707 Vol.
1010 2666 1083 2706 111.
1112 2667 1209 2705 Part.
1232 2665 1263 2703 1.
1292 2659 1449 2702 praefat.
1478 2669 1516 2706 p.
1542 2666 1608 2694 ml.
