1879 3160
387 187 477 230 ωε
650 170 833 220 VITA
881 173 937 216 D.
987 164 1439 219 RUHNKENII.

385 318 462 358 re,
503 302 603 346 satis
643 297 765 340 etiam
806 294 891 338 sibi
935 309 1027 340 esse
1066 298 1087 339 ὲ
1129 296 1426 352 scriptissuis
1460 290 1689 354 cognoscis

376 378 504 429 ,Ergo
541 385 590 413 eo
627 368 759 422 magis
796 381 967 422 operam
1005 369 1132 422 dedi,
1165 378 1212 411 ut
1241 381 1309 410 res
1338 371 1428 424 ejus
1459 381 1691 422 cognoscea

376 459 471 498 ,rem
491 475 506 496 ‚
539 452 635 483 cum
663 451 714 480 ex
745 438 842 492 ipso
869 438 912 481 in
947 439 1095 494 primis
1122 451 1436 494 percunctans,
1468 450 1557 482 tum
1582 441 1688 483 alios

385 516 506 558 etiam
532 512 816 565 interrogans,
875 510 1014 564 CuJ'us
1043 512 1302 565 cognitionis
1329 513 1586 557 auctoritate,
1604 512 1692 556 fre-s

381 596 451 628 tus
477 597 590 637 nunc
618 584 726 626 hanc
756 582 854 623 Viri
878 581 1022 622 Vitam
1051 583 1274 626 memoriae
1301 585 1456 638 prodo.

375 705 384 709 ⁴.
436 652 746 698 Valckenarius
785 651 893 694 diem
932 651 1039 692 obiit
1067 651 1314 705 insequente
1349 667 1461 697 anno
1492 651 1687 708 (1785)

380 739 525 771 11161156
551 725 745 777 Martio,
778 723 923 765 multis
952 723 1025 765 iile
1049 723 1152 765 mihi
1170 725 1417 766 nominibus
1445 723 1686 777 lugendusz'

293 806 426 853 ’19061
466 798 707 841 Literarum
739 798 917 849 caussa,
963 796 1173 838 exstincto
1214 808 1352 838 earum
1385 797 1520 836 altero
1557 794 1692 836 veluti

376 870 542 918 ,lumine
575 878 617 911 et
653 869 811 910 oculo:
845 876 886 908 et
923 866 1005 908 mei
1037 879 1123 909 non
1149 867 1289 909 minus
1319 880 1501 919 caussa,
1534 866 1692 909 amisso

375 944 516 998 altero
546 941 722 982 doctore
747 948 788 981 et
808 938 942 980 amico
958 968 971 988 ,
999 935 1357 980 incrementorum
1384 949 1574 980 meorum
1599 935 1693 979 fau-

382 1025 478 1057 tore
508 1021 635 1063 atque
673 1008 881 1063 adetore.
952 1006 1066 1049 Huic
1106 1020 1232 1050 nemo
1265 1021 1543 1054 successurus
1575 1017 1695 1060 erat„

376 1082 468 1142 *nisi
512 1093 635 1135 quem
674 1079 960 1124 Ruhnkenius
997 1084 1360 1126 commendasset:
1393 1093 1521 1134 atque
1559 1079 1595 1122 is
1625 1087 1693 1120 1116

384 1156 542 1198 dudum
570 1150 881 1203 Valckenario,
903 1163 956 1192 ne
980 1149 1074 1202 ipso
1102 1153 1266 1205 quidem
1294 1154 1495 1203 nomme,
1521 1161 1695 1192 succes·

385 1236 526 1272 sorem
564 1224 864 1268 destinaverat.
936 1221 1032 1274 Ego
1072 1223 1299 1275 quominus
1335 1223 1515 1266 oblatam
1549 1220 1696 1262 cathe-

385 1302 502 1344 dram
528 1297 718 1350 accipere
739 1294 893 1339 vellem
908 1323 924 1345 ,
950 1291 1105 1334 factum
1132 1304 1196 1335 est
1217 1306 1356 1335 rerum
1379 1305 1563 1334 mearum
1584 1302 1694 1332 tem-

385 1369 594 1426 porisque
630 1366 743 1409 illius
780 1363 1045 1416 rationibus,
1083 1365 1199 1416 quod
1231 1364 1276 1406 in
1311 1363 1696 1407 Amstelodamensi

385 1442 609 1487 Athenaeo
637 1449 782 1479 recens
804 1449 827 1478 a
841 1434 1118 1487 Philosophia
1138 1434 1190 1475 ad
1207 1433 1421 1477 Historias
1436 1467 1451 1488 ,
1468 1436 1699 1487 Eloquen-

386 1514 519 1565 tiam,
561 1510 815 1561 Literasque
856 1517 896 1549 et
935 1507 1118 1549 Graecas
1154 1515 1195 1547 et
1230 1505 1403 1548 Latinas
1437 1507 1695 1559 traductus,

380 1585 670 1639 ampliorem,
701 1580 746 1623 in
775 1593 861 1633 quo
893 1587 1184 1629 excurrerem,
1227 1590 1421 1631 campum
1449 1588 1600 1622 nactus
1631 1591 1699 1621 es⁸

388 1669 509 1708 sem,
541 1668 618 1698 nec
643 1652 785 1696 minus
814 1650 932 1694 urbis
970 1650 1169 1692 diuturna
1202 1648 1536 1702 consuetudine,
1571 1658 1697 1701 quam

387 1728 590 1771 comitate
611 1721 926 1780 magistratuum
943 1754 957 1776 ,
986 1733 1166 1764 tenerer.
1229 1719 1276 1761 Si
1305 1720 1407 1773 quid
1431 1719 1535 1761 mihi
1563 1729 1694 1772 tunc,

388 1798 636 1853 repudiatae
673 1794 933 1837 conditionis
973 1805 1159 1844 caussa,
1204 1791 1449 1834 succensuit
1488 1790 1697 1834 Ruhnke-³

390 1869 490 1913 nius
507 1900 521 1921 ,
554 1869 637 1910 hoc
663 1877 703 1909 et
728 1867 858 1908 breve
883 1866 997 1920 fuit,
1031 1874 1071 1906 et
1093 1872 1189 1905 611111
1217 1877 1359 1906 amore
1383 1865 1695 1920 conjunctum,

395 1949 437 1981 et
464 1948 606 1982 vetere
635 1952 736 1981 mox
760 1937 1048 1981 benivolentia
1075 1935 1367 1978 obliteratum.

451 2009 677 2052 Caeterum
694 2041 709 2063 ,
742 2008 899 2064 sperati
923 2006 1094 2061 collegii
1120 2004 1429 2056 convictusque
1451 2001 1697 2045 frustratim

392 2090 489 2126 nem
514 2080 695 2124 invicem
723 2093 854 2134 porro
880 2075 1246 2129 compensavimus
1263 2074 1471 2118 invisendi
1498 2074 1700 2127 frequen-

394 2155 482 2196 tia:
518 2163 558 2194 ct
581 2151 873 2205 compensavit
894 2161 1034 2192 novus
1068 2149 1230 2201 collega
1259 2147 1302 2201 J.
1327 2148 1387 2190 G.
1422 2147 1488 2188 Te
1514 2147 1698 2199 VVater9

396 2224 652 2278 Theoiogus
669 2254 686 2277 ,
721 2223 793 2277 qui
822 2235 907 2276 quo
934 2221 977 2263 in
1005 2231 1156 2274 genere
1178 2219 1414 2260 censendus
1437 2227 1576 2269 esset,
1605 2215 1699 2269 ipse

397 2298 586 2342 ostendit
610 2306 650 2338 et
674 2295 765 2339 aliis
793 2293 964 2348 scriptis
980 2323 995 2345 ,
1028 2302 1068 2332 ct
1093 2291 1283 2333 oratione
1309 2292 1358 2333 dc
1386 2290 1581 2344 Theologo
1602 2299 1701 2328 eru-

378 2371 517 2424 ⁷dito,
549 2378 698 2424 postea
732 2365 890 2410 habita.
949 2363 1092 2418 Hujus
1127 2363 1312 2406 absentis
1345 2361 1576 2405 doctrinam
1601 2370 1697 2399 cum

398 2440 493 2482 aliis
528 2442 550 2482 c
579 2438 915 2492 speciminibus,
948 2445 1036 2476 tum
1074 2436 1096 2476 e
1123 2434 1302 2476 consilio
1344 2431 1490 2474 edendi
1515 2424 1699 2471 Arnobii

377 2520 675 2565 'perspexerat
713 2507 1031 2552 Ruhnkenius:
1064 2506 1192 2560 hujus
1228 2507 1325 2546 item
1363 2499 1592 2556 praesentis
1623 2499 1702 2539 hu-

402 2581 600 2624 manitate
630 2592 670 2623 ct
701 2578 1010 2623 consuetudine
1037 2577 1267 2631 gaudebat:
1300 2574 1517 2634 eidemque
1548 2569 1701 2612 editio-

1609 2653 1703 2700 naun
