1879 3160
388 224 677 271 VITAM
735 222 1255 271 RUHNKEN-II.
1398 238 1483 282 377.

857 349 889 367 92

179 379 211 403 „
237 347 354 392 dium
400 350 596 393 inducere
627 348 842 393 videatur.
932 359 972 390 et
1013 361 1060 402 p.
1083 360 1167 402 45:
1213 379 1241 403 „
1263 360 1356 391 eum
1391 361 1484 391 sese

185 452 214 474 ,‚
244 424 289 463 in
317 421 489 464 Latinis
508 419 792 473 intelligendis
817 420 877 461 sic
908 434 936 461 a
966 421 1138 463 Graccis
1168 417 1370 499 adjuvas-i
1388 432 1487 462 sen-

183 522 212 545 „
242 493 374 545 sisse,
419 503 466 535 ut
499 492 708 534 interdum
758 500 966 546 negaret,
1016 492 1164 533 Poetas
1202 505 1291 544 eos,
1337 494 1410 548 qui
1449 506 1489 534 se

183 594 211 616 ,‚
242 572 344 605 totos
378 560 440 603 ad
464 560 721 602 Graecorum
761 563 1039 605 imitatione-m
1078 561 1370 614 contulissent,
1411 575 1491 605 no·

182 666 208 689 ,‚
240 634 424 676 minatim
451 632 723 686 Propertium
753 643 792 674 et
807 633 1064 686 Horatium,
1098 633 1259 676 Graece
1281 635 1488 690 imperitis

179 736 208 761 „
237 703 359 749 valde
377 704 550 760 placere
571 714 698 759 posse.
760 705 882 747 Adeo
908 707 1070 758 multa,
1101 718 1208 759 quae
1237 705 1493 747 venustissi-

183 808 213 833 „
245 790 313 820 ma
350 787 391 819 et
421 776 756 829 exquisitissima
796 779 910 831 sint,
943 790 1088 820 eorum
1126 788 1297 819 sensum
1336 775 1492 817 intelli-

183 879 211 899 „
242 849 510 903 gentiamque
546 847 709 891 fallere.
739 849 770 866 ”
844 849 960 891 Haec
997 850 1095 892 ille:
1148 860 1254 902 quae
1296 847 1489 900 quamvis

179 921 408 975 longiora,
442 934 488 962 ac
529 933 658 974 supra
692 933 771 962 suo
802 922 901 962 loco
938 921 1109 975 posita,
1150 921 1222 962 hic
1260 928 1398 961 tamen
1427 931 1493 960 re-

179 994 361 1046 petenda
394 992 628 1043 duximus,
663 1004 749 1044 quo
791 990 956 1033 facilius
996 999 1037 1032 et
1065 1003 1161 1032 cum
1193 990 1277 1031 illis
1308 1003 1415 1040 quae
1439 990 1492 1032 de

184 1063 445 1105 Ruhnkenio
497 1061 684 1115 prodidit
735 1060 1098 1115 W'yttenbachius
1145 1059 1446 1103 conferrentur
1475 1090 1491 1112 ,

178 1147 219 1178 et
244 1148 337 1177 cum
376 1134 441 1176 his
471 1145 577 1184 quae
616 1144 667 1173 ex
692 1145 769 1175 sua
799 1133 891 1186 ipse
925 1143 1137 1186 persona,
1169 1131 1405 1186 discipulos
1429 1135 1492 1176 al-

175 1210 348 1250 locutus
377 1236 391 1255 ,
450 1202 679 1258 scripserat
731 1214 849 1247 antea
894 1204 938 1246 in
990 1202 1172 1246 Praefat.
1225 1205 1276 1246 ad
1325 1205 1491 1247 Selecta

175 1277 320 1321 Princ.
357 1275 525 1318 Histor.
566 1275 722 1317 Graec.
754 1289 803 1328 p.
827 1286 965 1321 xxlv:
1033 1305 1060 1326 ,‚
1095 1277 1207 1316 Intra
1234 1274 1361 1323 breve
1383 1287 1489 1317 tem-

182 1381 209 1403 „
241 1363 322 1404 pus
343 1380 357 1401 ,
391 1346 558 1400 inquit,
591 1346 735 1388 eadem
771 1340 974 1386 facilitate
1007 1343 1228 1400 Graecos,
1265 1350 1348 1401 qua
1372 1361 1487 1391 nunc

181 1450 209 1472 „
240 1418 448 1470 Latinos,
481 1417 730 1473 intelligetis
755 1419 988 1461 AuctoreS.
1021 1441 1075 1450 —
1107 1418 1217 1461 Sane
1247 1420 1329 1462 hoc
1355 1420 1488 1475 gradu

181 1521 208 1545 ‚.,
235 1493 317 1547 J'am
343 1489 520 1543 essetis,
554 1501 595 1533 et
630 1491 807 1533 Latinae
842 1488 969 1531 simul
1005 1489 1172 1543 linguae
1206 1494 1340 1533 multo
1382 1490 1487 1533 ube-

182 1591 210 1615 „
241 1561 393 1602 riorem
416 1559 806 1615 accuratioremque
831 1560 1030 1602 teneretis
1055 1560 1271 1604 scientiam
1289 1591 1304 1614 ,
1335 1564 1373 1603 si
1384 1571 1493 1617 pue-

182 1664 210 1686 „
241 1634 335 1674 rilis
360 1631 606 1687 discipunae
640 1629 883 1672 rudimenta
903 1635 1028 1688 prius
1049 1636 1096 1674 in
1120 1633 1325 1685 Graecis,
1357 1646 1484 1688 quam

180 1732 209 1753 ..‚
240 1703 449 1755 Latinir,
484 1704 722 1759 posuissetis
762 1702 941 1747 Literis.
1016 1704 1138 1762 Quae
1179 1704 1286 1747 ratio
1331 1714 1380 1747 ut
1414 1705 1491 1747 ali-

183 1807 211 1828 „
242 1775 409 1827 quando
465 1775 636 1828 publice
684 1775 1005 1829 constituatur,
1048 1788 1272 1832 optamus,
1317 1790 1489 1832 sperare

183 1879 210 1901 ‚‚
243 1861 329 1890 non
365 1848 594 1890 audemust
643 1848 746 1889 adeo
784 1849 914 1889 muita
952 1858 1053 1890 sunt
1080 1862 1186 1902 quae
1215 1850 1490 1904 prohibeant.

185 1949 212 1971 ,‚
246 1917 416 1960 Utinam
457 1917 653 1969 privatim
697 1916 1030 1970 frequentetur!
1075 1931 1189 1963 certe
1228 1922 1280 1964 iis
1310 1924 1490 1966 tenenda

184 2020 212 2042 „
244 1988 353 2041 erit,
390 1987 462 2040 qui
485 2000 659 2041 puerum
686 2002 709 2031 a
728 1990 874 2042 primis
909 1990 1006 2033 inde
1045 1992 1166 2035 annis
1202 1994 1253 2035 ad
1277 1995 1489 2049 egregiam

183 2091 212 2115 „
243 2060 482 2104 Literarum
536 2058 755 2100 scientiam
803 2059 1033 2104 informare
1081 2064 1233 2108 veiint.
1271 2065 1301 2088 ’'-
1367 2067 1488 2123 Quae

181 2132 320 2175 omnia
343 2135 435 2175 loca
455 2160 471 2183 ,
500 2143 602 2172 sane
630 2143 711 2172 suo
742 2132 786 2174 in
817 2146 970 2188 genere
997 2137 1172 2178 classica
1189 2166 1204 2188 ,
1236 2147 1283 2178 ac
1311 2135 1491 2178 Trium·

176 2201 368 2245 virorum
413 2202 786 2247 celeberrimorum
837 2206 888 2248 de
936 2205 1185 2262 gravissimo
1237 2218 1487 2263 argumento

180 2274 431 2316 sententiam
474 2275 694 2326 complexa
718 2305 734 2326 ,
789 2275 1016 2319 identidem
1065 2277 1222 2331 lege-nti
1277 2292 1324 2321 ac
1380 2281 1488 2321 rele-

180 2343 324 2398 genti,
361 2343 556 2396 interque
578 2357 624 2386 se
658 2345 839 2388 invicem
876 2349 1052 2388 alterum
1091 2360 1186 2388 cum
1214 2351 1347 2391 altero
1370 2361 1488 2391 com-

179 2412 374 2468 paranti,
412 2412 562 2454 mirum
601 2415 800 2468 profecto
838 2417 942 2459 mihi
980 2416 1233 2470 videbatur,
1278 2421 1354 2471 qui
1395 2429 1487 2462 tan-

179 2486 274 2527 dem
325 2485 494 2526 illorum
551 2485 690 2527 verbis
728 2486 892 2530 inducti
942 2498 1009 2531 tot
1054 2488 1249 2531 homines
1275 2521 1290 2542 ‚
1333 2490 1378 2534 in
1414 2491 1488 2534 iis·

188 2568 274 2608 que
295 2554 410 2596 docti
433 2566 532 2596 sane
559 2565 605 2595 ac
630 2554 757 2607 periti
782 2558 896 2611 viri,
927 2559 969 2601 id
994 2559 1076 2602 sibi
1105 2561 1346 2615 persuaderi
1371 2564 1486 2616 passi

178 2624 296 2680 sint,
348 2623 751 2681 Heinsterhusium,
803 2627 1108 2673 Ruhnkenium
1157 2640 1198 2674 et
1231 2630 1491 2686 Wyttenba.

866 2701 944 2741 Aa
976 2709 1002 2753 ς
1313 2702 1488 2758 chium,
