1879 3160
357 230 442 261 200
612 212 792 256 VITA
831 211 889 254 D.
935 209 1381 258 RUHNKEN'II.

374 370 379 375 .
426 339 576 384 Στῆθος
602 334 642 376 δὲ
667 333 858 384 πλήξας,
889 333 1049 386 κραδίην
1076 334 1257 384 ἠνίπαπε
1283 334 1428 388 μύθῳ,

426 408 606 452 'rga-mot
630 405 675 452 δὴ
692 431 707 453 ,
739 404 878 453 κραδίη
896 431 913 455 ,
944 405 1010 446 καὶ
1038 406 1215 457 κύντερον
1239 407 1343 449 ἄλλο
1365 405 1457 449 πότ’
1475 405 1616 458 ivano.

426 474 711 520 Ruhnkenius
751 473 986 516 intermissa
1022 474 1262 517 Literarum
1300 476 1437 520 studia
1472 487 1672 532 repetens

373 547 592 601 (1772),
617 544 786 598 VelleJ‘o
812 542 1058 596 praecipuas
1082 544 1230 587 tribuit
1255 557 1396 599 partes
1412 577 1426 598 ‚
1451 548 1519 590 cui
1546 550 1674 592 eden-

373 619 427 661 do
453 619 535 673 Jam
563 614 723 669 pridem
756 613 993 668 proximum
1024 615 1226 667 quodque
1254 615 1531 660 destinaverat
1567 628 1674 661 tem·

371 700 484 744 pus:
527 698 605 729 nec
640 695 778 727 tamen
817 696 926 737 opus
967 694 1055 724 uno
1095 693 1239 725 tenore
1277 696 1429 739 urget,
1474 689 1526 730 ad
1558 689 1674 731 aliud

373 759 576 813 deinceps
610 767 651 799 et
677 756 791 798 aliud
827 754 1024 798 inductus
1041 782 1057 804 ,
1087 761 1297 805 tamquam
1325 769 1416 798 viae
1445 759 1674 802 diverticu-

373 834 489 884 lum3
523 843 615 872 cum
645 829 696 870 ad
730 825 1028 879 locupletanda
1053 823 1335 878 poliendaque
1367 838 1537 880 vetera,
1567 827 1678 881 Epi-

376 906 509 947 stolas
540 900 725 944 Criticas
749 909 790 941 et
819 897 1072 948 Timaeum,
1101 905 1190 937 tum
1215 897 1266 941 ad
1290 899 1437 942 affecta
1460 889 1683 953 perficien-

376 975 458 1028 da,
490 974 535 1016 in
567 971 720 1025 quibus
750 979 867 1013 erant
894 969 937 1011 in
963 967 1111 1021 primis
1137 966 1363 1022 Longinus
1392 980 1435 1012 et
1467 968 1685 1012 Scholias-

378 1055 443 1087 tes
466 1043 675 1087 Platonis.
733 1043 844 1084 Nam
870 1040 1042 1083 Scholia
1071 1042 1273 1083 Veterum
1299 1039 1681 1083 Grammaticorum

380 1116 424 1160 in
459 1116 676 1159 Platonem
707 1113 869 1166 (59),
919 1123 1024 1163 quae
1061 1109 1195 1152 adhuc
1231 1113 1347 1153 nulla
1381 1124 1498 1155 erant
1538 1111 1682 1164 edita,

297 1191 377 1242 163
389 1187 460 1229 sed
488 1185 531 1228 in
554 1183 772 1227 codicibus
799 1181 968 1236 scriptis
1005 1183 1072 1223 vel
1100 1179 1384 1234 peculiaribus
1401 1211 1417 1234 ‚
1448 1185 1516 1226 vel
1541 1184 1684 1226 Plato.

384 1257 525 1309 uicis,
558 1265 750 1308 exstant,
784 1266 930 1308 magna
957 1266 1052 1295 cum
1079 1264 1208 1304 cura,
1243 1251 1440 1294 omnibus
1466 1251 1554 1295 fere
1591 1253 1684 1296 Eu·

385 1343 514 1384 ropae
544 1342 594 1371 ex
621 1325 894 1370 bibliothecis
919 1326 1175 1377 collegerat,
1209 1334 1340 1375 eaque
1366 1336 1493 1366 unum
1523 1326 1567 1368 in
1591 1338 1686 1368 cor-

386 1416 468 1457 pus
503 1401 692 1456 digerere
728 1409 769 1441 et
802 1393 1111 1438 commentariis
1151 1395 1361 1437 illustrare
1391 1397 1685 1440 constituerat.

386 1470 558 1516 Accidit
587 1480 719 1520 tunc,
761 1479 808 1510 ut
836 1466 873 1508 ei
900 1465 962 1508 nil
995 1465 1076 1506 talc
1115 1466 1374 1518 exspectanti
1415 1467 1557 1514 literae
1594 1469 1688 1510 red-

390 1544 588 1586 derentur
615 1537 791 1581 Parisini
816 1536 982 1592 J’uvenis
1012 1536 1146 1577 adhuc
1169 1535 1253 1589 ipsi
1278 1536 1446 1590 ignoti,
1479 1537 1688 1580 Villoiso-

390 1615 465 1666 ni,
499 1609 770 1655 Scholiorum
799 1607 968 1650 illorum
997 1607 1262 1651 accessiones
1288 1609 1526 1663 mittentis,
1558 1621 1692 1657 caetev

391 1698 484 1730 rum
509 1679 733 1725 scribentis
761 1690 806 1721 se
822 1678 1045 1730 Apollonii
1062 1679 1254 1723 Lexicon
1281 1680 1554 1725 Homericum
1582 1685 1691 1736 (60)

393 1756 640 1812 propediem
667 1753 787 1794 cdere
804 1781 818 1802 ‚
860 1760 900 1791 et
926 1761 1056 1803 porro
1095 1748 1272 1791 Graecis
1300 1751 1459 1794 Literis
1493 1753 1690 1807 operari,

396 1825 703 1876 constituisse;
735 1822 861 1876 igitur
882 1822 1103 1873 utriusque
1127 1821 1338 1874 propositi
1368 1821 1446 1864 rite
1473 1823 1694 1876 perficien-

396 1896 440 1938 di
469 1909 513 1938 sc
541 1895 765 1939 consilium
803 1893 1093 1945 rationemque
1120 1892 1242 1936 unice
1272 1894 1297 1936 zi
1330 1893 1590 1938 Ruhnkenio
1624 1906 1696 1935 ex-

1619 1978 1696 2020 pe-

449 2092 564 2144 (59)
602 2095 687 2132 Pars
723 2102 852 2130 eorum
889 2093 975 2137 ina,
1013 2100 1108 2139 quae
1143 2102 1265 2130 exstat
1294 2093 1331 2130 in
1363 2092 1497 2131 codice
1523 2093 1701 2138 Veneto,

400 2159 538 2208 prodiit
564 2167 679 2204 nuper
699 2156 733 2192 in
761 2155 899 2192 formae
919 2164 1073 2193 octavae
1098 2155 1247 2202 libello,
1275 2157 1479 2204 inscripto,
1508 2155 1698 2194 Anecdota

401 2227 548 2263 Graeca
579 2227 597 2260 ἑ
622 2223 956 2271 praestantissimis
982 2218 1209 2257 Italicarum
1237 2221 1546 2259 bibliothecarum
1570 2220 1702 2258 codici·

400 2290 466 2326 bus
485 2288 674 2335 descripsit
692 2284 830 2325 Joann.
850 2282 1019 2334 Philipp.
1043 2285 1275 2322 Siebenkees:
1304 2286 1422 2324 edidit
1444 2293 1483 2324 et
1500 2283 1701 2335 praefatus

402 2360 454 2389 est
476 2351 616 2390 ,Ioanm
641 2347 780 2385 Adam.
809 2350 920 2388 Goez.
944 2349 1183 2397 Norimberg.
1216 2351 1320 2397 1793.

456 2413 577 2462 (60)
607 2413 747 2452 Prodiit
776 2414 956 2460 Parisiis,
988 2423 1108 2464 1773,
1136 2414 1257 2451 forma
1280 2423 1420 2460 quarta.
1482 2413 1560 2464 Jam
1597 2419 1701 2447 antea

406 2478 587 2514 edendum
613 2478 680 2514 sibi
709 2487 915 2523 sumserat,
942 2488 977 2517 et
999 2478 1113 2517 ed1dit
1137 2489 1231 2515 anno
1264 2478 1381 2526 1788,
1409 2477 1444 2512 in
1469 2483 1599 2528 octava
1626 2472 1703 2511 sor-

408 2552 488 2579 ma.
519 2541 743 2578 Hermannus
772 2542 939 2584 Tollius,
970 2543 1027 2580 vir
1053 2543 1320 2589 doctissimus,
1347 2538 1532 2589 quondam
1560 2537 1702 2584 collega

409 2615 512 2641 meus
538 2605 573 2640 in
596 2606 926 2644 Amsielodamensi
954 2607 1159 2648 Athenaeo.
