1879 3160
292 206 643 254 ELOGIUM
686 202 1286 250 HEMSTERIIUSII.
1360 213 1467 260 313,

148 343 309 377 tantuin
330 341 412 374 tam
439 332 602 386 insigne
628 329 823 371 mendum
844 327 910 370 bis
934 329 1036 371 adeo
1061 327 1311 383 diligentiam
1341 327 1449 370 effu-

154 405 268 459 gisse
302 416 504 446 censurae
538 401 977 454 Wyttenbachianae,
1020 401 1198 453 primum
1240 398 1447 442 Biblioth.

155 476 270 519 Crit.
325 477 372 518 P.
409 475 462 515 X.
507 486 553 526 p.
598 485 671 526 117
711 486 812 525 sqq.
855 483 986 526 post,
1031 473 1195 524 aliquot
1232 471 1351 514 arinis
1389 470 1464 512 in·-

155 545 344 600 terjcctis
362 576 378 598 ‚
411 543 516 586 ibid.
545 545 596 587 Ρ.
620 543 716 586 ΧΙΙ.
754 557 798 598 p.
826 547 879 598 98
908 558 1008 598 sqq.
1031 570 1083 577 -
1106 544 1296 594 Deinde,
1332 554 1456 594 quam

159 618 310 658 horum
335 615 562 658 verborum
595 627 743 657 sensus
780 616 1000 667 postulat,
1033 613 1248 656 dubitandi
1279 613 1346 654 vis
1370 625 1458 655 ma-

159 687 313 731 nifesta
347 697 410 729 est
446 685 489 728 in
527 688 624 728 loco
655 687 780 728 allato
817 685 1011 728 Terentii
1043 687 1144 729 And
1189 686 1266 729 111.
1295 699 1350 736 2,
1383 694 1459 737 45.

160 756 237 799 ubi
263 758 380 810 quod
403 758 589 812 legitur,
619 757 761 812 Atque
797 757 916 799 hand
943 760 1053 808 scio,
1086 771 1172 808 an,
1205 770 1311 812 quae
1349 754 1463 798 dixit

161 841 264 871 vera
299 830 382 868 sint
409 830 546 870 omnia
565 860 580 882 ,
613 830 732 871 aliter
767 828 901 881 accipi
930 826 1079 880 nequit
1103 839 1226 879 quam
1252 840 1329 881 pro
1347 857 1364 880 ,
1397 836 1469 869 at-

162 913 239 955 que
276 897 450 950 dubim,
479 914 537 941 an
576 914 678 944 vera
707 903 817 952 sint,
849 898 967 950 sive,
1003 900 1119 951 quod
1152 899 1299 941 eodem
1325 897 1465 949 redit,
1502 912 1508 914 ⁷

164 982 291 1027 atque
321 966 439 1011 hand
454 967 604 1022 credo,
633 983 735 1013 vera
762 983 842 1011 esse
864 970 1002 1010 omnia
1034 982 1140 1023 quae
1161 967 1292 1011 dixit.
1353 968 1468 1010 Nam

166 1041 227 1085 sic
258 1041 424 1082 demum
458 1050 704 1093 congruunt
734 1041 834 1083 haec
874 1037 1140 1094 praecedenti
1165 1039 1334 1084 versui:
1367 1040 1472 1082 Non

165 1113 333 1168 impulit
359 1123 449 1161 me,
480 1108 580 1150 haec
615 1122 724 1153 mmo
764 1112 925 1152 omnino
955 1119 1004 1151 ut
1037 1108 1274 1151 crederem:
1305 1119 1348 1151 et
1368 1109 1473 1152 sim-

169 1182 340 1236 pliciter
363 1179 593 1223 dubitantis
628 1192 756 1231 esse,
788 1179 881 1221 data
924 1192 1051 1232 opera
1087 1179 1235 1222 docuit
1268 1180 1311 1223 in
1345 1181 1478 1223 scho-

171 1252 240 1295 liis
278 1250 582 1296 Ruhnkenius.
642 1249 844 1303 Idemque
878 1251 929 1293 ad
950 1251 1078 1293 alium
1107 1251 1271 1294 Mureti
1296 1254 1437 1295 locum
1455 1283 1473 1304 ‚

173 1322 293 1376 Opp.
327 1321 385 1364 T.
412 1323 470 1365 Π.
500 1334 546 1376 p.
569 1333 686 1375 429:
721 1323 862 1378 Atque
899 1322 1020 1365 hand
1047 1325 1155 1376 scio,
1197 1337 1255 1366 an
1289 1337 1475 1380 unquam

175 1406 264 1435 eam
292 1393 314 1447 (
331 1392 511 1435 Romam
530 1392 553 1445 )
587 1394 785 1448 epitomen
809 1393 917 1437 orbis
950 1397 1089 1438 verius
1110 1409 1257 1440 vocare
1277 1397 1446 1438 licuerit
1459 1427 1477 1449 ,

177 1477 302 1519 qnam
326 1462 398 1503 hoc
433 1472 640 1518 tempore:
683 1463 757 1505 ubi
785 1463 883 1506 item
919 1465 1084 1508 obtinet
1119 1466 1339 1508 dubitandi
1374 1467 1477 1520 vis,

179 1535 230 1581 de
268 1546 407 1575 errore
450 1533 541 1576 sive
577 1534 786 1586 Mureti,
827 1534 917 1576 sive
954 1548 1205 1589 operarum,
1249 1551 1303 1580 ne
1342 1539 1477 1582 verbo

183 1604 351 1657 quidem
386 1604 568 1647 monuit.
630 1605 767 1647 Porro
791 1606 842 1647 ad
873 1609 991 1659 loca,
1025 1621 1046 1649 a
1071 1607 1306 1652 Matthiaeo
1336 1621 1482 1654 notata

184 1677 299 1729 quo]
326 1676 473 1718 attinet
491 1706 507 1728 e
538 1678 712 1719 alterum
739 1676 902 1720 Mureti
933 1691 975 1730 p,
1006 1692 1055 1734 77
1077 1693 1088 1721 :
1123 1688 1250 1734 atque
1271 1679 1389 1722 hand
1403 1682 1484 1724 scio

182 1760 240 1788 cm
260 1747 368 1788 alles
393 1744 511 1787 hodie
539 1757 629 1791 tota
649 1749 784 1791 Italia
808 1750 997 1805 princeps
1022 1759 1166 1791 tantas
1189 1759 1275 1805 opes
1299 1749 1483 1803 habeat,

183 1829 364 1875 quantas
391 1819 438 1858 in
469 1818 663 1860 Senecam
690 1818 969 1874 quadriennio
1000 1819 1119 1860 Nero
1143 1822 1371 1874 congessit,·
1404 1820 1485 1864 etsi

186 1889 471 1934 Ruhnkenius
486 1888 540 1930 T.
559 1892 591 1932 I.
605 1902 632 1942 p
672 1893 748 1943 287
765 1875 1115 1942 cdiddfitnullns:
1128 1892 1303 1932 alterum
1319 1904 1360 1944 p,
1383 1895 1485 1947 185.

183 1960 359 2008 Ernesti
398 1961 442 2005 in
471 1960 622 2003 Dedic.
657 1962 708 2003 ad
743 1961 982 2015 Stiglizium
1014 1976 1058 2016 p.
1088 1961 1201 2004 LV:
1234 1962 1351 2016 cujus
1376 1964 1490 2015 (Po.

185 2034 328 2089 lybii)
358 2034 427 2076 vel
452 2048 531 2076 uno
563 2031 665 2075 libri
695 2034 804 2075 sexti
831 2033 1080 2089 fingmento
1098 2065 1112 2086 ,
1145 2036 1300 2085 neseio,
1328 2049 1385 2076 an
1410 2050 1489 2078 nn·

187 2119 312 2161 qnam
357 2107 585 2162 sapientius
620 2114 680 2146 est
719 2107 940 2161 quicquam
984 2106 1318 2163 prudentiusque
1357 2110 1490 2164 scrip-

188 2185 306 2227 tum‚·
355 2175 546 2227 quamvis
592 2178 685 2219 sine
726 2175 858 2217 dubio
907 2176 1061 2218 rectius
1111 2176 1357 2230 scripsisset
1404 2190 1492 2219 nes-

188 2250 249 2289 cio
278 2260 335 2286 an
362 2268 415 2276 —
442 2249 525 2298 sit‚·
556 2256 700 2299 potest
731 2257 868 2291 tamen
897 2260 1079 2301 uterque
1109 2250 1230 2290 locus
1264 2248 1402 2289 eadem
1429 2262 1494 2291 ra.

194 2319 308 2360 tione
338 2317 567 2359 vindicari:
601 2317 740 2370 iisque
770 2320 872 2360 adeo
912 2319 1081 2375 adjungi
1124 2320 1273 2374 tertius
1307 2320 1493 2372 ejusdem

193 2387 399 2439 Ernesti,
445 2388 517 2439 qui
553 2388 605 2429 ad
640 2388 864 2430 Ciceronis
902 2390 1076 2431 Brutum
1120 2403 1159 2434 c.
1187 2402 1256 2430 22.
1297 2400 1390 2432 not.
1421 2396 1492 2445 48.

194 2461 338 2503 eodem
366 2457 583 2500 dubitandi
616 2472 744 2501 sensu
769 2460 968 2512 scripsit:
1008 2461 1158 2502 Nescio
1176 2490 1191 2511 ‚
1221 2472 1279 2499 an
1305 2459 1429 2502 altior
1454 2471 1495 2504 ee

195 2530 362 2586 gtavius
401 2532 504 2571 satis
537 2529 634 2571 bene
660 2528 738 2570 siba·
764 2527 1054 2585 respondean.
1090 2553 1141 2563 ι-
1170 2529 1272 2571 Non
1301 2529 1492 2576 decerno.

194 2602 303 2656 Sed,
345 2611 456 2644 caet.
529 2602 599 2643 Ne
634 2614 747 2650 nunc
797 2601 847 2643 dc
894 2599 1171 2655 Ruhnkenii,
1217 2614 1390 2645 suorum
1430 2603 1496 2655 ip-

916 2670 954 2711 V
988 2686 1014 2724 5
1409 2674 1498 2717 sius

1839 231 1874 280 23„
1837 0 1870 217 22:⁴55:
