1879 3160
366 193 451 245 438
649 187 1382 235 ANNOTATIOAD

428 307 480 350 P.
515 307 610 350 116.
652 300 1004 344 Rndimentornm
1043 303 1194 359 tenus]
1239 304 1283 347 id
1315 315 1407 358 est,
1449 318 1536 349 non
1567 309 1676 350 ultra

372 377 504 429 prima
543 371 806 424 rudimenta,
850 373 940 415 sive
977 374 1200 417 elementa.
1276 374 1364 431 Qui
1406 386 1511 417 usus
1557 379 1675 420 vocis

373 455 489 487 tenus
516 454 611 482 cum
642 443 831 494 genitivo
849 474 864 496 ‚
902 445 1146 497 praesertim
1173 445 1362 500 plurali,
1393 444 1477 487 nisi
1505 445 1679 490 Cicero-

374 515 450 565 ni,
493 521 607 553 certe
640 513 730 567 ejus
763 513 930 566 aequali
957 515 1110 557 Coelio
1153 517 1242 570 Ep.
1272 516 1324 557 ad
1351 515 1455 558 Div.
1480 515 1609 569 VIII,
1637 530 1676 561 1.

375 596 418 627 et
452 583 591 630 Livio,
622 585 799 637 XXV1‚
841 599 915 638 24.
955 586 1207 641 adhibitus,
1252 586 1349 628 ideo
1391 598 1479 628 non
1513 580 1681 630 videtur

373 656 480 699 solis
503 654 642 709 poetis
666 654 988 709 relinquendus.
1049 657 1143 699 Nec
1164 657 1391 700 videndum
1416 659 1552 712 adeo,
1578 659 1682 712 quid

374 730 592 783 poetarum
616 727 846 770 auctoritas
861 758 876 779 ,
902 741 1025 780 quam
1056 728 1160 782 quid
1180 729 1389 783 cujusque
1409 729 1494 770 loci
1515 739 1684 773 senten-

374 802 433 843 tia
462 802 679 855 postulet:
713 812 816 853 quae
839 799 885 842 h.
902 802 934 842 1.
964 799 1052 842 fere
1078 798 1279 841 convenit
1303 811 1399 840 cum
1412 799 1650 853 Virgiliano
1667 829 1683 851 ,

375 875 490 919 Aen.
525 875 593 925 X,
625 885 724 915 210.
757 872 940 913 laterum
971 881 1118 923 tenus,
1149 869 1181 912 i.
1214 882 1254 912 e.
1285 881 1423 921 usque
1459 870 1511 910 ad
1533 871 1682 913 latera·

434 946 545 988 lbid.
597 941 814 997 Systema]
871 940 1035 983 Graeca
1081 953 1168 983 vox
1192 971 1208 993 ‚
1257 941 1448 992 σύστημα
1469 951 1481 963 ·
1536 941 1646 983 unde
1664 969 1680 993 ,

378 1029 640 1072 quantopere
663 1021 870 1068 peccent,
906 1012 981 1064 qui
1014 1012 1190 1054 barbare
1223 1011 1424 1064 systhema
1458 1011 1683 1064 scribunt,

377 1093 472 1132 luce
502 1086 654 1130 clarius
678 1094 758 1126 est.
819 1082 909 1138 Qui
935 1095 1052 1125 error
1085 1097 1171 1136 quo
1203 1092 1268 1124 est
1292 1083 1409 1136 apud,
1428 1082 1687 1124 Graecarum

374 1159 597 1212 imperitos
630 1156 872 1198 Literarum
901 1153 1196 1207 pervulgatior
1214 1184 1230 1208 ‚
1262 1166 1314 1197 eo
1342 1153 1474 1208 magis
1501 1153 1686 1195 tironum

375 1231 503 1272 causa
530 1225 757 1272 notandus-

437 1300 548 1343 Ibid.
591 1293 820 1349 Homiliis]
864 1295 1103 1348 Homillae‚
1134 1295 1233 1337 item
1262 1293 1472 1336 Graecum
1501 1292 1689 1347 ὁμιλίαι,

379 1370 536 1414 Latine
556 1370 788 1410 conciones:
812 1379 917 1419 quae
934 1379 1019 1409 vox
1039 1367 1081 1409 In
1106 1378 1282 1419 utraque
1306 1366 1449 1418 lingua
1475 1375 1516 1407 et
1539 1365 1589 1406 de
1612 1378 1690 1418 po-

380 1442 474 1498 puli
506 1439 834 1492 congregatione
850 1465 865 1488 ,
889 1446 929 1478 et
955 1438 1006 1476 de
1031 1435 1221 1477 oratione
1256 1434 1317 1475 ibi
1346 1435 1487 1477 habita
1513 1449 1690 1490 usurpa·-

380 1524 479 1565 tur,
514 1511 596 1554 nisi
626 1523 648 1550 a
681 1507 896 1549 veteribus
932 1506 1108 1549 Graecis
1142 1519 1188 1548 ac
1223 1505 1429 1548 Romanis
1460 1507 1692 1560 Scriptori-

381 1585 493 1635 bus,
528 1589 640 1622 certe
672 1579 723 1620 ab
758 1578 978 1623 Ecclesiae
1003 1577 1199 1620 Patribus
1224 1578 1424 1632 aliisque·
1483 1577 1559 1622 Cf.
1593 1579 1692 1621 Sui-

383 1653 471 1696 ccri
496 1653 633 1696 Thes.
662 1651 833 1694 Eccies.
866 1651 909 1692 in
936 1651 1057 1693 Voce
1079 1652 1274 1702 ‘ommam

440 1726 491 1768 P.
520 1735 619 1774 117.
651 1720 830 1775 Regiam
855 1721 974 1763 illam
1006 1724 1118 1764 viam
1135 1750 1150 1773 ‚
1172 1722 1521 1775 gravissimorum
1549 1732 1589 1766 ct
1615 1737 1694 1765 an-

385 1795 710 1850 tiquissimorum
735 1805 990 1848 quorumque
1013 1792 1198 1848 deinceps
1223 1792 1485 1848 Scriptorum
1509 1807 1562 1835 ex
1579 1792 1695 1836 ordi-

387 1881 439 1909 ne
468 1863 767 1920 legendorum]
811 1862 928 1919 Quid
954 1863 1037 1905 hoc
1064 1864 1146 1917 sit,
1177 1864 1361 1921 deinceps
1392 1878 1445 1906 ex
1469 1863 1613 1907 ordine
1636 1866 1694 1907 le-

385 1952 512 1993 gere,
559 1947 776 1989 perperam
814 1947 837 1975 a
871 1934 1164 1978 Lindemanno
1211 1934 1488 1987 explicitum,
1531 1935 1691 1977 tirones

390 2008 587 2052 monendi
607 2018 733 2049 sunt:
759 2004 955 2048 nlmirum
978 2006 1060 2048 hoc
1086 2005 1167 2048 sibi
1191 2003 1658 2048 volebatRulmkcnius
1675 2035 1691 2059 ,

391 2080 579 2134 optimos
642 2090 838 2131 quosque
892 2075 1132 2129 Scriptores
1184 2077 1384 2129 legendos
1438 2090 1531 2119 csse
1578 2078 1695 2120 dein-

390 2161 504 2206 ceps,
538 2149 581 2191 id
606 2160 698 2201 est,
722 2149 903 2204 singulos
922 2147 1106 2204 deinceps
1123 2179 1137 2199 .‚
1171 2147 1292 2198 sive,
1321 2159 1369 2190 ut
1396 2149 1567 2190 barbare
1591 2151 1697 2192 dici-

389 2234 495 2274 tur,
526 2222 701 2263 alterum
732 2227 833 2271 post
866 2220 1072 2262 alterum:
1107 2219 1236 2271 idque
1265 2232 1316 2260 ex
1346 2220 1490 2262 ordine
1525 2221 1567 2263 id
1601 2233 1693 2274 est,

390 2295 533 2338 habita
562 2290 706 2334 aetatis
731 2302 812 2348 qua
840 2290 996 2343 singuli
1024 2289 1226 2332 vixerunt
1260 2291 1450 2344 ratione,
1484 2292 1541 2335 ita
1567 2303 1614 2335 ut
1638 2293 1688 2335 ab

388 2363 631 2418 antiquiore
671 2373 844 2415 quoque
876 2361 926 2402 ad
964 2361 1222 2414 posteriores
1262 2361 1461 2416 deinceps
1496 2378 1696 2419 progres-

390 2450 496 2488 sus,
536 2434 700 2478 tandem
733 2431 776 2475 in
813 2432 1039 2486 postremis
1078 2433 1262 2476 desinas.
1325 2433 1447 2477 Hanc
1489 2449 1569 2479 suo
1602 2436 1694 2490 ipse

389 2509 594 2550 rationem
629 2504 827 2560 probavit
855 2506 1081 2556 exemplo,
1112 2517 1240 2558 supra
1278 2506 1505 2560 proposito
1546 2520 1591 2560 p.
1620 2520 1689 2559 32.

392 2579 536 2631 Atque
562 2579 663 2620 haec
686 2576 859 2631 propria
887 2585 951 2619 est
978 2589 1024 2619 ac
1052 2575 1276 2632 peculiaris
1302 2576 1487 2620 adverbii
1507 2577 1688 2633 deinceps

1638 2662 1695 2692 ει·
