1879 3160
257 183 605 234 ELOGIUM
649 182 1245 230 HEMSTERHU'SII.
1321 195 1408 241 325

114 318 157 354 et
193 305 542 362 Lindemannus;
586 309 687 350 haec
724 307 853 361 igitur
891 307 1115 362 diligenter
1150 306 1413 352 animadver-

113 380 302 424 tentibus
336 381 578 432 constabit,
621 378 734 422 aliud
774 392 898 429 esse,
939 388 1058 419 caute
1099 390 1145 419 ac
1183 379 1411 432 prudenter

114 462 276 495 veteres
306 450 489 501 imitari,
513 462 746 502 eorumque
766 450 998 493 luminibus
1020 462 1136 492 suam
1155 449 1291 501 ipsius
1317 462 1411 493 ora·

114 523 270 565 tionem
309 521 594 576 distinguere:
639 520 779 572 aliud,
812 521 1000 563 illustres
1035 521 1307 574 antiquorum
1345 523 1413 564 10·

114 606 189 636 cos
218 595 270 636 ad
283 594 455 636 verbum
476 591 717 644 descriptos
736 623 749 644 ,
782 592 1079 644 dictionesque
1102 604 1257 634 temere
1282 592 1414 636 unde-

113 678 283 718 cunque
309 675 522 717 arreptas,
554 663 728 705 barbara
750 662 963 704 vernaculi
1001 664 1211 707 sermonis
1235 677 1416 719 compo·

114 736 270 779 sitione
301 734 552 778 obscurare:
587 734 630 777 in
663 747 748 787 quo
777 744 999 787 tantopere
1030 734 1110 776 sibi
1138 746 1304 787 semper
1325 737 1417 788 pla·

112 817 294 849 cuerunt
335 805 490 858 multi,
536 805 813 860 proximeque
860 806 910 847 ad
955 806 1159 858 antiquos
1198 804 1328 858 illos,
1374 815 1418 849 et

117 876 230 919 omni
274 878 539 929 eloquentiae
586 877 705 918 laude
746 877 1012 928 cumulatos,
1056 875 1288 918 accessisse
1327 876 1410 919 sibi

112 947 195 990 visi
223 958 354 999 sunt;
388 960 482 989 cum
509 947 592 1001 ipsi
617 962 638 991 a
661 947 807 991 divino
836 947 1005 990 illorum
1037 946 1209 1000 ingenio
1237 959 1279 989 et
1308 948 1414 991 scri·

111 1019 237 1062 bendi
275 1019 475 1073 elegantia
500 1020 752 1074 longissimo
793 1019 1015 1062 intervallo
1051 1018 1269 1061 distarent.
1330 1019 1414 1062 Sed

111 1090 294 1133 istorum
343 1088 523 1143 ineptias
562 1100 603 1132 et
655 1091 881 1133 obscuram
921 1089 1216 1142 loquacitatem
1261 1091 1411 1134 merito

111 1161 330 1216 castigavit
356 1163 422 1204 vir
454 1173 642 1204 summus
668 1161 712 1204 in
747 1159 869 1203 Orat.
901 1160 951 1201 de
980 1161 1172 1202 Doctore
1211 1160 1409 1206 Umbrat.

111 1233 279 1288 Opusc.
316 1233 374 1275 T.
397 1233 433 1276 Ι.
465 1246 512 1286 Ρὺ
548 1246 623 1287 131
652 1247 721 1287 sq.

166 1305 216 1347 P.
247 1319 321 1359 44.
386 1303 506 1360 Quod
528 1309 660 1362 pauci
693 1308 828 1362 magis
861 1308 1062 1363 suspicati
1091 1317 1241 1355 erant,
1283 1321 1410 1363 quam

109 1377 438 1432 intellexerant]
471 1377 541 1419 Sic
569 1378 713 1420 verius
737 1375 876 1430 posita
896 1406 911 1427 ,
945 1389 1067 1427 quam
1096 1376 1137 1420 in
1165 1378 1305 1431 priore
1327 1379 1415 1421 edi-

110 1445 261 1500 tione,
291 1447 401 1503 quod
419 1450 548 1503 pauci
578 1458 703 1489 cram·
738 1450 956 1505 suspicati.
1017 1449 1127 1490 Nam
1163 1460 1209 1492 ut
1231 1452 1281 1493 ad
1307 1452 1353 1494 h.
1381 1454 1410 1494 1.

112 1516 155 1559 in
189 1517 356 1571 Opusc.
395 1517 626 1575 Ruhnken.
669 1530 715 1570 p.
756 1519 853 1571 267.
897 1519 1171 1572 monuimus,
1218 1523 1411 1568 Latinam

111 1587 295 1642 linguam
323 1600 346 1629 a
373 1588 535 1630 Graeca
564 1588 768 1642 originem
798 1590 978 1642 ducere,
1012 1603 1107 1634 ante
1132 1593 1416 1635 Heinsterhu-

109 1659 219 1701 sium
256 1657 459 1712 suspicati
500 1669 617 1701 erant
655 1672 748 1701 cum
784 1660 887 1712 alii,
936 1671 982 1703 ut
1024 1661 1067 1704 in
1105 1663 1410 1718 Etymologico

109 1730 303 1785 Linguae
338 1730 515 1772 Latinae
545 1729 665 1785 G0J.
691 1730 878 1775 Vossius
897 1763 912 1784 ,
945 1730 1160 1785 perfectus
1191 1732 1411 1777 Gramma-

109 1803 255 1855 tIcus,
295 1802 435 1858 judice
468 1802 616 1845 Tollio
655 1803 712 1848 V.
744 1804 816 1848 C1.
847 1806 968 1860 cujUs
1004 1813 1104 1847 nota
1141 1813 1205 1864 est
1236 1804 1286 1846 de
1326 1804 1410 1848 hoc

108 1882 357 1926 argumento
387 1871 569 1926 Oratio,
607 1875 746 1918 habita
777 1874 1080 1918 Amstelodami
1104 1887 1142 1918 a.
1171 1879 1295 1929 1778.
1321 1876 1426 1920 tum¹²

108 1942 151 1984 in
192 1943 366 1996 primis,
413 1944 486 1996 qui
523 1944 771 1988 nominatim
802 1959 825 1988 a
855 1944 1117 1989 Ruhnkenio
1157 1945 1409 2000 laudantur,

109 2015 293 2068 Scaliger
331 2025 372 2057 et
398 2015 661 2069 Salmasius,
694 2029 876 2070 uterque
901 2016 1196 2071 compluribus
1238 2017 1411 2072 scriptis

112 2086 435 2130 eruditissimis:
479 2097 521 2128 at
574 2100 700 2129 nemo
738 2088 905 2130 illorum
946 2088 1002 2130 ita
1040 2087 1335 2140 intellexerat,
1371 2098 1414 2131 et

112 2157 230 2210 quasi
256 2157 419 2211 lynceis
457 2159 596 2201 oculis
633 2170 935 2214 perspexerat,
967 2170 1015 2202 ut
1057 2160 1414 2203 Heinsterhusius

111 2230 288 2284 eiusque
312 2229 556 2283 disciplinae
582 2229 755 2274 alumni.
805 2231 926 2286 Quae
952 2244 1045 2273 cum
1074 2230 1129 2272 ita
1147 2231 1260 2281 sint,
1293 2244 1415 2273 cum-

111 2313 193 2354 que
217 2299 499 2342 Ruhnkenius
527 2302 786 2343 exoriturum
805 2301 1030 2353 aliquando
1051 2313 1279 2354 auguretur
1296 2331 1309 2350 ‚
1338 2300 1413 2352 qui

108 2368 352 2424 planissime
397 2371 685 2422 demonstret,
739 2385 893 2413 omnem
946 2371 1151 2412 Latinam
1194 2369 1415 2425 Linguam·

104 2441 280 2495 pulcrae
311 2444 462 2482 matris
500 2442 692 2484 Graecae
717 2443 917 2498 'pulcram
947 2440 1084 2492 filiam
1123 2452 1232 2490 me,-
1264 2452 1407 2482 revera

109 2521 245 2553 tamen
262 2542 276 2562 ,
304 2521 349 2552 ut
367 2511 457 2563 ipse
482 2512 668 2565 fatetur,
689 2523 821 2554 restat
836 2524 938 2568 pars
964 2510 1166 2567 quaedam
1186 2542 1199 2561 ‚
1227 2514 1410 2566 quaein-

108 2591 224 2624 ‘i‘ecta
251 2580 423 2624 aliunde
444 2582 644 2626 videatur
659 2613 673 2637 ,
691 2582 940 2639 praesertim
963 2582 1014 2624 ab
1031 2581 1144 2624 Oscis
1158 2612 1174 2636 ‚
1206 2582 1408 2625 vetustis·
1463 2582 1467 2589 ’

753 2654 790 2696 Χ
826 2666 848 2708 3
1349 2665 1409 2696 sia
