1879 3160
384 210 464 264 3⁶8
662 200 1396 256 ANNOTATIO'AD

383 328 485 371 Vid.
531 325 669 370 Praef.
707 327 822 369 laud.
868 341 913 380 p.
942 342 1009 372 rx.
1083 330 1160 372 Illa
1197 340 1333 374 autem
1372 333 1528 377 Ritteri
1559 341 1677 378 com-e

380 397 592 443 mendatio
615 411 736 450 quam
764 399 848 441 vim
874 399 1067 444 habuerit
1083 434 1096 453 ‚
1129 412 1295 444 constat
1321 417 1370 445 ex
1392 405 1470 446 alia
1492 407 1542 448 ad
1563 407 1675 448 hunc

379 472 466 523 Ep.
499 482 545 522 p.
572 471 687 522 768:
724 501 750 522 ‚‚
773 470 937 522 Vix,''
970 470 1109 523 inquit
1138 470 1196 514 ibi
1231 474 1544 527 Ruhnkenius‚
1579 507 1605 529 „
1629 477 1673 520 in

381 571 407 593 „
438 540 679 591 Bataviam,
722 540 934 582 liberalem
977 541 1088 583 illam
1132 542 1396 599 ingeniorum
1430 545 1633 588 nutricem
1653 576 1671 599 ,

381 639 408 662 „
439 619 710 663 perveneram
735 641 752 661 ‚
792 623 889 651 cum
936 610 1067 652 ecce!
1122 615 1224 656 celsi
1268 615 1426 669 ingenii
1460 615 1629 672 J'uvenis
1654 646 1672 669 ‚

380 707 408 734 ‚‚
440 680 616 734 Tuique
657 681 699 724 in
729 680 876 734 primis
910 681 1160 735 studiOSUS‚
1207 686 1308 727 mihi
1339 690 1420 735 θεὸς
1456 690 1500 730 ἐκ
1532 703 1675 739 μηκας

378 780 406 803 ,‚
436 756 501 801 νῆς
525 762 759 804 appareret.
823 751 905 793 Hic
948 763 1172 805 postquam
1211 755 1457 800 incredibile
1482 758 1672 800 discendi

376 851 404 876 ,‚
433 823 653 874 studium,
704 836 789 876 quo
823 823 1047 878 ardebam,
1095 825 1487 881 animadvertisset,
1532 829 1672 871 statim

379 923 406 946 „
438 906 503 935 me
531 894 684 935 studiis
706 893 849 937 fratris
875 895 942 936 sui
976 894 1207 949 praefecit;
1241 910 1318 950 ac,
1350 910 1402 942 ne
1425 900 1528 953 quid
1551 900 1677 940 bene-

380 996 409 1017 „
439 965 631 1007 ficiorum
668 965 862 1019 deesset,
905 967 961 1009 ita
997 967 1244 1021 parentibus
1284 971 1374 1013 suis
1412 971 1676 1013 commenda-

377 1066 406 1091 „
435 1037 528 1087 vit,
560 1045 607 1078 ut
638 1039 728 1092 ejus
755 1049 907 1092 pater,
938 1039 1003 1081 vir
1041 1038 1250 1092 illustris,
1281 1039 1384 1081 mihi
1418 1040 1548 1093 patris
1573 1042 1671 1081 loco

378 1138 406 1162 ‚‚
435 1108 596 1161 fuerit,
641 1118 682 1149 et
728 1120 858 1151 mater
908 1110 1037 1151 etiam—
1061 1123 1173 1152 nunc
1213 1111 1356 1152 matris
1399 1113 1496 1152 loco
1536 1109 1608 1151 sit.
1639 1107 1669 1126 ’⁹

372 1181 519 1236 Quid,
549 1180 664 1232 quod
677 1189 758 1220 tam
776 1189 932 1221 arctum
952 1179 1060 1222 inter
1085 1193 1312 1234 utrumque
1330 1210 1347 1233 ,
1374 1179 1556 1233 idquein
1579 1191 1672 1220 mo-

373 1264 467 1292 rum
502 1249 825 1302 studiorumque
872 1249 1147 1292 similitudine
1196 1251 1385 1303 positum
1404 1281 1418 1302 ‚
1463 1250 1669 1292 amicitiae

371 1321 592 1363 vinculum
617 1320 851 1371 exstiterit,
883 1330 930 1362 ut
953 1320 1014 1363 G.
1039 1321 1360 1364 Meermannum
1389 1321 1671 1364 Ruhnkenius

373 1390 476 1432 alibi
512 1392 681 1432 animae
708 1390 926 1433 dimidium
968 1405 1068 1433 snae
1095 1391 1273 1443 dixerit,
1318 1393 1350 1434 1.
1380 1405 1421 1436 c.
1465 1406 1512 1446 Ρ.
1555 1397 1668 1446 783:

371 1461 444 1505 ille
468 1461 772 1505 Ruhnkenium
807 1473 848 1504 et
877 1470 1120 1504 constanter
1154 1463 1385 1516 amaverit,
1418 1473 1459 1506 et
1494 1464 1668 1507 honori·

371 1531 493 1574 ficam
518 1533 609 1586 ejus
633 1531 888 1573 mentionem
918 1532 1088 1584 publice
1112 1532 1276 1577 fecerit.

432 1603 579 1645 Paao.
637 1602 880 1644 Hemsterlz.
898 1626 949 1634 -
962 1601 1120 1656 gaudet
1147 1602 1392 1661 discipulum
1418 1603 1495 1646 sihi
1521 1606 1672 1647 venisse

376 1687 456 1716 non
485 1675 662 1716 tironem
700 1684 739 1716 et
774 1673 918 1715 radam
938 1705 953 1726 ,
985 1673 1059 1716 sed
1082 1678 1300 1719 universae
1308 1677 1405 1730 jam
1428 1675 1672 1719 eruditioni:

376 1745 625 1801 supellectile
647 1746 954 1801 instructum]
1016 1746 1162 1788 Simile
1183 1745 1264 1788 fuit
1295 1747 1520 1798 aliquando
1548 1749 1678 1803 lVyt·

373 1817 588 1861 tenbachii
625 1818 848 1872 gaudium,
880 1818 951 1860 cui
992 1830 1150 1860 novum
1178 1826 1219 1859 et
1252 1816 1581 1870 inexspectatum
1605 1832 1672 1861 ac·

373 1889 571 1941 cidebat‚
619 1889 960 1940 adolescentem,
1004 1889 1130 1929 modo
1172 1900 1222 1929 ex
1259 1887 1411 1941 puerili
1447 1887 1668 1939 disciplina

302 1956 333 2009 ᾗ·
373 1961 680 2021 prodeuntem,
712 1958 899 2003 Platonis
927 1969 968 2001 et
989 1958 1234 2013 cognitione
1255 1957 1431 1999 tinctum
1459 1968 1498 1998 et
1521 1958 1665 1999 studio

374 2014 582 2073 ardentem
615 2031 667 2072 ad
700 2043 744 2072 se
773 2028 943 2083 venire3
979 2040 1024 2071 ut
1053 2030 1143 2082 ipse
1176 2029 1314 2070 fassus
1349 2027 1474 2069 estin
1500 2027 1586 2080 Ep.
1615 2027 1667 2069 ad

371 2103 538 2146 Heusd.
566 2101 732 2155 OPUSC.
768 2100 825 2143 T.
853 2101 909 2145 ΙΙ.
943 2115 988 2154 p.
1019 2115 1063 2143 2.
1126 2099 1201 2142 Cf.
1227 2100 1323 2141 item
1341 2102 1455 2142 Ann.
1483 2100 1535 2140 ad
1548 2099 1667 2141 Bakii

369 2173 578 2221 Posidon.
604 2172 709 2214 ibid.
741 2185 785 2224 p.
804 2172 905 2225 246.
946 2171 1102 2223 Neque
1125 2169 1201 2211 alia
1224 2182 1342 2212 mens
1368 2170 1451 2212 fuit
1473 2170 1603 2212 eidem
1625 2170 1669 2212 in

370 2244 510 2290 Praef.
539 2245 589 2287 ad
614 2245 701 2287 Sel.
730 2242 870 2286 Princ.
896 2242 1010 2285 Hist.
1044 2256 1089 2295 p.
1114 2255 1236 2294 xxv,
1269 2255 1291 2282 a
1315 2241 1534 2295 discipulis
1562 2255 1668 2295 pos-

371 2315 552 2366 tulanti,
584 2326 631 2358 ut
657 2314 707 2356 ad
735 2315 904 2357 scholas
933 2327 1028 2367 suas
1051 2314 1233 2356 Graecas
1259 2313 1448 2356 adferant
1471 2315 1666 2369 cognitio·

369 2401 460 2428 nem
487 2385 824 2428 Declinationnm
861 2394 899 2425 et
921 2372 1254 2439 conjugationum
1269 2415 1284 2436 ‚
1314 2385 1537 2427 ediscendis
1572 2384 1666 2426 Ru·

370 2457 563 2499 dimentis
596 2465 881 2513 comparatam
895 2471 912 2508 ,·
954 2455 1167 2498 accedente
1205 2459 1330 2498 ctiam
1363 2454 1554 2497 nonnullo
1589 2466 1666 2494 usu

368 2526 666 2569 construendae
702 2528 903 2570 orationis
941 2525 1194 2584 ejusdemque
1231 2528 1390 2570 Latine
1420 2522 1665 2568 reddendae.

376 2595 546 2640 Scilicet
573 2597 673 2640 haec
697 2597 932 2653 vulgarium
962 2598 1275 2645 multitudinem
1307 2599 1542 2643 auditorum
1569 2608 1666 2649 spe-

1584 2678 1666 2709 cta-
