1879 3160
397 248 480 298 372
676 228 1404 285 ANNOT'ATIOAD

404 362 600 407 universe
622 358 796 412 scripsit
829 358 1189 414 VVyttenbachius
1221 360 1330 404 infra
1366 375 1413 415 p.
1440 372 1519 416 31,
1542 372 1703 420 parens?

403 441 463 475 tes
487 442 577 471 enm
597 428 702 480 filiis
737 437 895 474 morum
925 431 1238 486 studiorumque
1263 432 1523 487 praefectam
1547 434 1705 488 adjtmae

400 513 503 557 gere
537 501 766 555 cupivisse,
797 504 931 558 ipsum
966 511 1108 542 atttem
1144 500 1378 554 h24smn20di
1405 505 1598 544 stationes
1636 504 1701 545 lu-

403 567 562 609 beatem
586 571 809 625 accepisse,
842 584 937 613 cum
955 584 1036 613 suo
1063 570 1196 624 ipsius
1219 572 1410 626 judicio,
1443 583 1532 615 tum
1556 583 1702 614 aucto-

401 648 448 681 re
483 639 840 693 Hemsterhusio,
871 653 965 682 eum
1004 639 1048 682 in
1084 641 1252 683 Batavia
1290 643 1470 686 retinere
1506 645 1698 685 volente.

403 708 484 754 Cf.
519 710 618 752 item
649 724 696 764 p.
726 715 782 766 63
808 720 848 753 et
875 713 949 764 98.
1020 709 1115 751 Nec
1152 710 1291 754 minus
1326 715 1410 757 huc
1458 714 1701 766 referenda,

406 791 513 833 quae
533 780 697 823 exstitit
722 781 760 823 ei
782 794 879 823 cum
893 780 1048 823 illustri
1067 780 1329 834 Fageliorum
1352 785 1493 827 Gente
1516 785 1704 828 necessi-

403 850 540 903 tudo,
572 851 726 894 tradito
763 851 803 894 ei
839 852 883 894 in
921 850 1186 904 disciplinam
1224 852 1449 896 Francisco
1496 855 1703 909 Fagelio‚

403 921 590 974 optimae
625 921 720 964 viro
766 923 950 975 indoliS‚
996 923 1070 965 sed
1104 923 1267 976 patria-e
1308 923 1440 978 tnagis
1489 933 1698 978 ostenso,

405 1005 529 1046 quam
552 992 648 1033 dato
677 992 736 1044 (*
752 992 793 1045 ).
863 994 1001 1049 Cujus
1026 991 1346 1043 familiaritatis,
1380 993 1459 1035 etsi
1486 1007 1571 1046 quo
1596 1004 1700 1036 tem-

403 1076 511 1116 pore
549 1062 716 1104 initium
749 1063 944 1107 inciderit
973 1066 1240 1120 ignoramus,
1281 1064 1382 1106 satis
1418 1075 1554 1107 tamen
1587 1076 1701 1108 certa

402 1143 575 1178 exstant·
596 1132 749 1177 indicia
775 1134 816 1177 in
847 1135 996 1178 dicatis
1025 1147 1173 1188 postea
1199 1134 1296 1176 huic
1314 1164 1326 1184 ,
1359 1135 1572 1189 hujusque
1599 1137 1699 1178 filiis

400 1205 596 1249 Henrico
624 1215 666 1247 et
686 1203 877 1258 jacobo,
911 1205 1064 1247 Rutilii
1094 1204 1210 1258 Lupi
1237 1215 1278 1247 et
1315 1204 1469 1261 Velleji
1491 1206 1701 1249 Paterculi

406 1275 685 1318 editionibus,
745 1275 978 1328 Ceterum,
1020 1285 1068 1317 ut
1095 1277 1207 1318 unde
1246 1275 1432 1329 digressa
1465 1286 1528 1317 est
1562 1277 1702 1318 redeat

405 1345 573 1396 oratio,
603 1343 769 1386 videtur
788 1345 838 1388 ab
867 1360 916 1388 eo
938 1347 1037 1389 inde>
1058 1357 1276 1400 tempore,
1313 1359 1398 1398 quo
1424 1358 1447 1387 a
1470 1345 1703 1388 D'Orvillii

394 1419 541 1460 ,latere
559 1428 817 1471 secesserat,
849 1419 1050 1461 domicilii
1070 1418 1207 1461 sedem
1231 1416 1431 1469 deinceps
1457 1425 1699 1458 constanter

399 1498 473 1531 aut
520 1486 769 1541 Lugduni,
810 1497 882 1529 aut
928 1487 972 1529 in
1010 1489 1103 1542 ejus
1138 1488 1259 1529 urbis
1306 1487 1459 1529 vicinia
1501 1487 1701 1528 habuisse

403 1556 730 1611 Ruhnkenius,
760 1556 1076 1600 Hemsterlrusii
1109 1557 1270 1600 scholis
1301 1558 1478 1610 suisque
1499 1558 1594 1610 ipse
1613 1558 1701 1611 pri-

397 1628 530 1673 vatim
553 1625 702 1671 studiis
728 1629 936 1671 assiduam
959 1640 1129 1683 operam
1151 1640 1307 1670 navans
1332 1628 1488 1670 tamdiu
1504 1659 1519 1681 ‚
1558 1629 1697 1670 donec

399 1698 509 1742 illud
546 1699 803 1754 explevisset
845 1702 1030 1742 sexennii
1073 1699 1255 1754 spatium
1279 1729 1297 1752 ‚
1334 1701 1387 1743 de
1430 1713 1516 1753 quo
1550 1701 1700 1742 scribit

397 1769 779 1824 WVyttenbachius.
838 1771 924 1815 Cui
969 1771 1069 1825 quid
1109 1784 1258 1814 causae
1299 1771 1461 1824 fuerit,
1510 1785 1586 1814 cur
1627 1782 1698 1815 aut

398 1840 663 1894 D’Orvillii,
706 1853 779 1885 aut
812 1843 1071 1895 reliquorum
1117 1854 1227 1895 quos
1252 1842 1598 1894 nominavimus,
1641 1857 1694 1886 ne

399 1914 530 1954 semel
560 1912 727 1965 quidem
767 1915 1023 1956 mentionem
1056 1913 1232 1966 fecerit,
1265 1926 1460 1967 quaerere
1496 1913 1559 1956 nil
1597 1912 1695 1954 atti-

398 1991 501 2035 net,
545 1996 624 2026 nec
659 1984 900 2027 dubitamus
931 1984 1035 2037 quin
1067 1995 1213 2037 graves
1251 1985 1317 2035 ei,
1347 1995 1446 2026 tunc
1483 1986 1689 2037 temporis

401 2055 602 2107 quidem,
647 2067 732 2107 quo
772 2055 871 2096 haee
905 2055 1152 2107 scribebat,
1209 2052 1336 2107 hujus
1372 2053 1533 2096 silentii
1565 2056 1692 2098 ratio-

399 2135 476 2167 nes
510 2123 698 2167 fuerint:
728 2127 885 2168 tamdiu
922 2138 1053 2177 vero,
1086 2122 1285 2176 quamdiu
1321 2134 1423 2164 suus
1445 2123 1692 2167 humanitati

399 2195 615 2238 constabit
651 2197 818 2248 honos,
863 2194 1022 2237 meritis
1055 2192 1251 2236 laudibus
1292 2192 1573 2236 celebrabitur
1598 2196 1693 2238 Viri

400 2266 517 2310 illius
540 2280 627 2312 non
646 2271 786 2312 solum
807 2266 1075 2310 eruditissimi
1093 2296 1108 2319 ‚
1137 2277 1282 2308 verum
1303 2265 1427 2308 etiam·
1449 2265 1691 2318 lautissimi,

1624 2336 1700 2378 ali·-

449 2429 540 2481 (*>
578 2431 712 2469 Testis
748 2440 830 2476 est,
865 2441 1024 2479 praeter
1058 2431 1342 2469 Ruhnkenium
1378 2431 1476 2468 locis
1510 2429 1695 2474 laudatis,

395 2496 468 2532 Vir
495 2508 685 2540 summus,
701 2498 932 2535 Franciscus
949 2496 1290 2538 Heinsterhusius,
1320 2495 1358 2531 in
1381 2495 1557 2541 elegante
1575 2493 1688 2531 libel-

395 2562 459 2603 10,
489 2563 638 2599 Gallice
665 2563 842 2608 scriptoz
870 2561 1106 2608 Description
1125 2558 1399 2608 philosophique
1423 2560 1470 2596 du
1492 2558 1690 2596 caractere

393 2622 436 2658 de
451 2623 517 2669 feu
540 2625 621 2662 Mr.
648 2625 687 2661 F.
705 2625 840 2674 Fagel,
859 2635 968 2677 1773.
992 2623 1125 2665 addito
1153 2635 1284 2673 neque
1310 2624 1481 2664 auctoris
1507 2624 1691 2671 nomine,

389 2696 464 2724 nec
490 2687 570 2724 loci
603 2687 768 2727 indicio,
