1879 3160
358 184 448 230 414
657 162 1256 244 ANNOTA·T·10
1310 184 1391 222 ΑΒ

420 295 532 342 Ibid.
595 292 789 335 Prosaici
816 290 838 346 ]
897 291 1077 338 Rectius
1107 305 1260 352 prosae
1281 326 1298 350 ‚
1340 301 1411 343 vel
1446 309 1487 343 et
1514 309 1665 358 prosae

356 368 557 415 orationis
582 365 820 421 scriptores.
881 364 1059 419 Saepius
1086 365 1168 409 ista
1189 380 1296 410 voce
1325 383 1430 414 usus
1457 372 1662 427 Wytten·

362 438 538 484 bachius
571 437 616 480 in
652 434 811 479 Select.
841 435 1010 479 Histor.
1050 436 1206 481 Graec.
1235 437 1337 483 edit.
1366 440 1538 496 priore,
1569 457 1664 486 cor—

355 511 464 555 rexit
497 510 541 553 in
575 507 832 563 posteriore.
891 507 973 550 Est
1009 518 1146 552 autem
1166 520 1296 567 prosa
1335 513 1495 564 oratio,
1539 514 1661 564 quasi

352 592 536 639 prorsa,
567 578 611 620 id
647 588 711 621 est
737 588 974 636 proversa,
1017 578 1061 621 in
1093 590 1253 623 rectum
1282 592 1511 636 protensa,
1541 586 1661 626 nullo

357 650 648 695 distinctionis
674 649 830 692 indicio
858 650 1097 693 intermissa
1109 654 1179 694 vel
1201 652 1420 695 terminata
1437 683 1452 705 ‚
1478 651 1663 707 ideoque

359 720 594 772 continua,
625 731 855 774 perpetua:
890 721 1015 774 eique
1039 722 1274 775 opponitur
1304 735 1457 777 versa,
1489 725 1531 767 id
1565 735 1660 776 est,

359 807 466 847 quae
490 802 605 835 certo
627 792 858 846 spatiorum
883 805 1060 836 numero
1084 793 1429 847 circumscripta,
1452 795 1590 836 denuo
1607 796 1658 837 ab

359 865 482 908 initio
495 865 545 907 ad
557 865 679 907 finem
695 863 892 917 deinceps
904 864 1090 908 decurrit
1103 893 1118 919 ‚
1150 866 1261 907 unde
1274 865 1472 907 dicuntur
1489 875 1630 907 versus
1645 895 1662 918 ‚

362 938 435 991 qui
460 937 633 991 proprie
657 946 756 980 sunt
785 938 896 981 versi
921 937 1079 979 calami
1116 938 1184 979 vel
1209 937 1299 980 stili
1331 934 1496 978 ductas.
1555 936 1660 979 Vid.

360 1008 525 1064 egregie
549 1009 830 1061 disputantem
845 1007 1115 1051 Gronovium
1141 1007 1469 1051 Lect.Plautin.
1497 1022 1543 1064 p.
1570 1021 1666 1064 137.

414 1081 465 1122 P.
507 1080 579 1132 56.
652 1078 868 1120 Orationis
918 1080 1129 1135 elegantia
1162 1104 1214 1113 —
1253 1090 1428 1122 ornaret
1466 1086 1506 1122 et
1543 1081 1666 1135 quasi

362 1147 664 1203 laetificaret.]
696 1149 1067 1192 Animadvertatur
1087 1163 1190 1192 usus
1216 1151 1529 1203 metaphoricus
1543 1150 1661 1193 verbi

358 1217 616 1271 laetificare,
647 1218 798 1263 similis
827 1221 896 1263 alii
933 1220 1211 1272 exhilarare,
1250 1233 1377 1273 supra
1414 1234 1460 1274 p.
1488 1232 1566 1275 21.
1597 1219 1661 1263 in-

357 1290 423 1334 fra
449 1304 495 1344 p.
528 1302 622 1344 137.
649 1298 690 1332 et
726 1291 771 1334 in
802 1292 943 1335 Praef.
979 1294 1030 1335 ad
1070 1293 1228 1336 Select.
1261 1292 1380 1335 Hist.
1418 1305 1465 1345 p.
1494 1301 1571 1336 xx.
1615 1292 1660 1334 id

358 1370 452 1413 est,
483 1361 686 1415 adspectu
716 1363 849 1405 veluti
882 1366 1038 1407 laetum
1075 1373 1116 1405 et
1139 1364 1311 1406 hilarem
1336 1364 1523 1408 reddere.
1585 1363 1661 1407 Ci-

357 1443 456 1472 cero
481 1431 531 1473 de
552 1431 654 1474 Nat.
683 1434 817 1477 Deor.
847 1438 906 1477 II.
934 1449 1020 1487 40³
1054 1436 1127 1477 Sol
1144 1437 1332 1489 -qaasi
1350 1437 1534 1476 tristitia
1557 1444 1665 1490 qua-

358 1501 458 1544 dam
503 1504 714 1545 contrahit
759 1514 922 1546 terram
951 1534 966 1555 ,
1007 1513 1095 1545 tam
1128 1506 1307 1547 vicissim
1343 1502 1544 1556 laetificat
1560 1535 1576 1558 ,
1614 1510 1662 1547 at

357 1586 451 1614 cam
473 1573 577 1614 coelo
604 1572 800 1617 hilarata
817 1573 1035 1618 videatur.
1083 1577 1147 1616 Ita
1177 1574 1330 1618 Graeci
1354 1577 1514 1629 φαιδρὸν
1539 1576 1660 1630 πρόσ-

359 1661 461 1688 ωπον
501 1643 657 1685 laetam
696 1644 925 1686 hilaremve
957 1645 1119 1687 vultum
1163 1645 1344 1700 dicunt,
1386 1647 1559 1700 proprie
1594 1648 1663 1690 la·

356 1712 525 1766 eidam,
559 1724 600 1756 et
638 1715 814 1758 verbum
840 1717 1093 1773 φκιδρύνειν,
1135 1715 1320 1760 lucidam
1357 1716 1557 1773 reddere,
1588 1732 1661 1762 ex·

354 1787 565 1830 hilarare.

415 1858 467 1900 P.
503 1861 577 1910 58.
636 1856 934 1914 Kalenkampio
960 1888 976 1911 ,
1024 1857 1308 1915 Goettingensi
1352 1861 1583 1916 Profhssori
1606 1858 1659 1918 ,]

357 1928 533 1983 cognito
569 1941 662 1969 cum
710 1929 876 1970 aliunde
902 1959 916 1980 ‚
962 1939 1052 1971 tum
1099 1931 1327 1983 specimine
1371 1932 1665 1988 Etymologici

360 2001 512 2056 Magni
545 2013 566 2041 e
601 2000 763 2043 Codice
809 1999 1007 2042 Gudiano
1031 2028 1047 2050 ‚
1086 2000 1223 2042 medio
1259 2003 1403 2042 seculo
1442 2003 1662 2056 superiore

362 2074 500 2117 edito:
535 2073 586 2114 de
613 2085 698 2124 quo
727 2073 888 2115 Codice
915 2084 1065 2124 operae
1085 2071 1267 2124 pretium
1307 2084 1370 2114 est
1403 2085 1664 2127 cognoscere

364 2144 611 2190 Ruhnkenii
635 2142 839 2197 judicium
866 2143 909 2184 in
936 2142 1080 2195 Epist.
1116 2143 1166 2185 ad
1205 2143 1461 2196 Heusinger.
1490 2144 1663 2198 Opusc.

362 2218 422 2260 T.
456 2220 511 2260 11.
552 2229 598 2270 p.
637 2218 737 2258 886.
783 2213 1118 2267 Etymologicon
1157 2213 1273 2255 istud
1317 2228 1454 2269 nuper
1491 2216 1666 2271 Lipsiae

361 2288 490 2330 edidit
513 2286 729 2328 Sturzius.

418 2360 468 2402 P.
503 2370 573 2412 59.
635 2357 832 2413 Quosdem
853 2356 903 2398 de
920 2355 1236 2398 “Hemsterhusio
1251 2355 1663 2409 judicantes—eam

362 2431 549 2473 Luciam‘
588 2430 806 2473 editionem
839 2427 1086 2486 deposuisse,
1116 2428 1324 2484 quodjam
1352 2444 1507 2473 omnem
1530 2432 1665 2473 anim-

363 2502 651 2545 adversionum
699 2503 926 2542 materiam
974 2503 1267 2544 consumsisset.
1295 2501 1314 2556 ]
1387 2501 1524 2558 Quam
1560 2511 1666 2543 vana

364 2571 492 2615 fuerit
522 2572 715 2627 suspicio
743 2585 790 2615 ac
825 2571 1136 2626 1·eprehcnsio,
1166 2582 1338 2627 apparet
1361 2586 1411 2615 ex
1438 2572 1531 2617 Viri
1560 2572 1667 2615 Elo-

1598 2655 1667 2696 gio
