1879 3160
372 202 456 257 436
651 190 1382 240 ANNOTATIOAD

364 324 451 366 tius
483 335 533 365 ex
563 318 668 372 ipsis
692 314 996 370 autographis,
1019 324 1067 356 ut
1082 311 1403 367 VVyttenbachii
1438 316 1664 358 consilium

365 388 589 442 aliquando
626 386 741 439 fuit,
788 388 1010 442 repetenda
1044 395 1234 438 curare13
1268 394 1358 426 tum
1398 383 1476 426 alia
1521 398 1665 430 recens

365 461 533 502 adderet
547 493 556 499 .
576 457 707 498 veluti
732 470 776 498 ea
796 457 837 500 in
855 458 1059 500 Ciceronis
1081 455 1141 498 ad
1155 456 1410 497 Familiares
1422 454 1636 508 Epistolas
1651 486 1669 510 ‚

369 541 409 571 et
443 529 486 571 in
519 527 662 571 Ovidii
694 527 921 581 He1·0i'dos,·
961 539 1138 581 quarum
1173 526 1244 568 illa
1274 537 1536 578 numquam,
1567 525 1669 569 haee

367 613 454 643 non
484 599 567 642 nisi
600 611 692 640 raro
724 598 866 641 videre
896 599 1022 641 nobis
1048 596 1247 650 contigit.
1309 595 1512 638 Plautum
1546 596 1669 639 etiam

368 672 548 714 subinde
585 670 627 712 in
663 669 824 711 scholis
859 681 1061 712 tractasse
1085 666 1417 714 Ruhnkeuium,
1456 667 1537 710 hoc
1573 668 1668 722 ipso

367 752 557 795 tempore
576 754 599 783 a
622 740 775 783 Bossio
799 742 1056 793 accepimus,

422 810 472 854 P.
494 822 590 854 110.
620 811 791 852 Invidia
805 840 819 863 ,
843 810 893 852 de
914 826 998 867 qua
1020 817 1150 868 'supra
1170 809 1379 865 diximus]
1407 812 1510 864 P'ag.
1527 822 1578 864 91
1597 824 1668 864 sq.

424 882 539 925 lbid.
587 880 800 935 Quantum
844 897 948 925 aera
987 882 1198 925 distarent
1235 883 1419 937 lupinis]
1476 882 1676 924 Horatia-

367 965 468 996 num
486 982 502 1005 ,
528 953 743 1006 proverbii
767 954 850 997 vim
880 954 1038 997 habens
1054 986 1067 1006 ,
1092 955 1211 1008 Epp.
1241 957 1288 1005 1,
1307 966 1362 1005 7,
1387 963 1458 1004 23.
1485 952 1561 993 ubi
1583 952 1674 996 vid.

367 1023 636 1078 Lambinus,
669 1035 708 1067 et
731 1026 934 1070 Erasmus
961 1027 1101 1080 Adag.
1135 1039 1180 1079 p.
1210 1037 1310 1078 172.

422 1095 475 1138 P.
504 1107 599 1139 111.
633 1094 886 1139 Cartalam
907 1098 1171 1154 Philosophia
1196 1120 1248 1129 —
1272 1096 1524 1137 Litemrom
1550 1093 1672 1136 Scho-

367 1165 431 1207 las
446 1195 464 1218 ‚
494 1174 541 1208 ut
563 1167 630 1207 ita
655 1163 794 1207 dicam
811 1196 825 1218 2
852 1167 1086 1223 vidoabas]
1118 1170 1345 1221 Eleganter
1369 1167 1524 1208 dictum
1545 1178 1559 1207 2
1590 1177 1666 1206 nec

369 1235 480 1288 apud
495 1235 777 1278 Columellam
803 1247 965 1280 tantum
994 1249 1035 1280 et
1064 1237 1321 1279 recentiores<
1344 1237 1491 1287 poetas
1510 1235 1668 1288 legitur

350 1305 576 1359 viduare,
621 1309 695 1350 sed
741 1309 864 1351 habet
924 1310 1006 1363 jam
1063 1307 1146 1349 hoc
1195 1307 1370 1348 verbum
1429 1304 1632 1357 Virgilius
1651 1333 1665 1355 ,

367 1380 479 1421 Aen.
511 1378 649 1431 VIII,
685 1391 785 1431 571.
832 1377 904 1430 qui
941 1380 1062 1419 locus
1100 1375 1263 1428 fugisse
1302 1377 1471 1418 videtur
1510 1375 1672 1417 Linde-

352 1462 564 1492 vmannum
582 1479 598 1502 ‚
629 1447 878 1499 ceteroquin
906 1454 1019 1486 recte
1041 1446 1296 1498 judicantem
1327 1447 1378 1486 de
1400 1445 1548 1486 additis
1576 1459 1672 1488 ver-

366 1519 433 1562 bis
465 1529 511 1561 ut
533 1522 599 1562 ita
631 1520 787 1561 dicam.
848 1518 913 1560 De
943 1528 1048 1558 voce
1072 1514 1203 1557 vidua
1231 1515 1384 1568 dignus
1422 1525 1485 1556 est
1514 1518 1584 1567 qui
1613 1518 1672 1559 le·

367 1601 488 1651 gatur
510 1584 725 1635 Vavassor
753 1591 804 1633 de
826 1589 868 1632 vi
901 1599 940 1631 et
966 1601 1046 1630 usu
1073 1589 1195 1631 verb.
1226 1602 1271 1641 p.
1299 1589 1400 1640 609.

423 1661 474 1704 P.
506 1674 602 1716 113.
649 1661 892 1704 thhnkenii
926 1659 1273 1703 commendatione
1294 1657 1464 1712 factam
1495 1668 1578 1711 est,
1619 1670 1668 1702 ut

366 1731 552 1786 Hcynius
593 1732 860 1790 Goettingam
892 1732 1150 1787 vocaretur]
1207 1730 1328 1786 Quae
1369 1731 1505 1782 qualis
1541 1729 1668 1774 fuerit

367 1803 705 1856 commendatio,
757 1804 1009 1859 intelligitur
1059 1815 1111 1845 ex
1151 1801 1397 1845 Ruhnkenii
1439 1799 1571 1842 literis
1614 1802 1665 1844 ad

358 1871 598 1927 Jungium,
640 1887 717 1928 per
757 1889 878 1928 quem
910 1887 1006 1917 cum
1047 1874 1144 1927 ipso
1184 1883 1322 1926 egerat
1355 1871 1663 1915 Munchusius.

346 1942 458 1986 'Has
483 1945 622 1987 literas
640 1975 654 1998 ,
687 1944 944 1999 primum‘ab
969 1943 1181 1986 Heerenio
1217 1944 1345 1985 editas
1372 1943 1414 1986 in
1444 1945 1529 1985 vita
1552 1943 1668 1996 Hey·

365 2015 424 2059 nii
458 2030 504 2069 p.
531 2030 615 2072 74,
649 2016 870 2058 retulimus
907 2016 1072 2069 Opusc.
1108 2014 1254 2058 T.11.
1292 2026 1318 2064 p
1357 2015 1468 2065 885:
1508 2015 1662 2067 „Sed⁹

366 2119 395 2141 „
430 2087 596 2140 inquit,
630 2087 731 2141 quid
761 2087 966 2139 estquod
989 2097 1104 2127 extra
1126 2082 1296 2137 patriam
1323 2084 1530 2136 quaeratis
1548 2114 1562 2135 ,
1592 2097 1668 2125 cu-

371 2186 399 2209 „
426 2159 494 2213 Jus
518 2158 649 2210 patria
677 2157 838 2210 copiam
871 2157 1077 2211 praebet?
1118 2157 1209 2200 Cur
1228 2167 1315 2197 non
1341 2152 1536 2195 Gesnero
1567 2167 1664 2196 suc-

369 2259 397 2281 „
427 2240 639 2271 cessorem
698 2228 804 2270 datis
864 2228 1152 2269 Christianum
1211 2223 1375 2268 Gottlob
1425 2224 1630 2277 Heynium
1647 2255 1663 2276 ,

368 2330 396 2352 „
426 2299 678 2343 Ernestinae
711 2299 958 2353 disciplinae
991 2300 1235 2347 alumnum,
1277 2295 1497 2338 excellenti
1526 2296 1662 2338 virum

363 2402 390 2423 „
424 2371 593 2424 ingenio
611 2401 627 2422 ‚
688 2372 794 2424 qui,
851 2379 1004 2422 quanta
1056 2366 1292 2409 Literarum
1348 2364 1560 2417 praeditus
1609 2365 1664 2407 sit

366 2473 393 2494 „
424 2442 596 2484 scientia
633 2441 744 2482 edito
794 2439 1003 2490 Tibullo,
1050 2446 1204 2490 quanta
1250 2436 1505 2478 Graecarum
1546 2434 1657 2476 edito

369 2542 396 2563 ,‚
427 2512 626 2565 Epicteto
669 2511 871 2554 ostendit.
941 2510 1025 2552 Hic
1069 2520 1159 2549 mea
1187 2518 1226 2549 et
1256 2505 1563 2548 Hemsterhusii
1589 2511 1658 2550 τοῦ

363 2612 390 2637 ,‚
420 2583 522 2626 πάνυ
546 2582 751 2625 sententia
777 2594 888 2624 unus
916 2592 1008 2637 est,
1038 2579 1109 2634 qui
1138 2581 1370 2636 iacturam,
1399 2589 1518 2630 quam
1548 2577 1660 2620 Ges.

1534 2679 1558 2699 „
1590 2663 1659 2691 ne·
