1879 3160
328 141 622 187 VlTAM
695 136 1237 185 RUHNKENH.
1367 154 1454 196 419

205 266 254 310 P.
281 264 355 319 65.
400 263 485 307 Hos
519 263 645 308 llbros
680 262 808 307 doctis
848 262 1024 308 Batavis
1062 271 1201 319 sponte
1236 274 1274 307 et
1307 264 1451 317 gratis

145 336 321 392 venire]
366 335 537 389 Virgilii
561 337 709 386 locus,
738 332 905 387 Georg.
934 336 1002 385 ΙΙ,
1038 347 1089 376 10
1112 348 1214 390 sqq.
1246 349 1270 378 a
1293 334 1455 376 Linde·

145 422 298 451 manno
332 409 513 458 allatuS,
546 405 628 446 huc
653 417 740 446 non
770 407 891 457 plane
928 405 1129 458 pertinet.
1189 405 1298 447 Nam
1335 402 1453 456 quod

145 480 206 522 ibi
242 489 379 537 sponte
414 478 557 521 venire
594 475 796 517 dicuntur
829 477 1031 527 arbores,
1075 490 1255 519 crescere
1291 471 1452 523 signifi-

143 562 240 594 cat.
269 552 351 593 hoc
380 559 518 592 autem
546 548 643 588 loco
674 547 723 588 dc
754 549 874 591 libris
901 550 1059 591 dictum
1084 556 1268 602 praestat
1290 542 1456 596 accipe-

146 635 191 666 re
216 635 296 677 pro
326 632 472 664 venum
504 620 684 675 expori,
715 632 737 661 a
764 619 897 661 verbo
922 632 1059 663 veneo.
1443 650 1445 653 <

203 693 318 738 lbid.
349 689 673 735 Benedictinort
678 703 716 731 m
741 688 930 733 biblioth.
945 693 1100 746 ,susus
1118 685 1301 746 praefect
1311 699 1353 727 ss
1377 684 1457 725 mi-

144 779 223 810 nus
259 763 322 808 ad
347 759 680 820 gratificandum
715 760 858 811 facilis
884 760 1151 816 videbatur]
1193 759 1303 816 Quis
1327 754 1460 798 fuerit

143 851 234 884 non
260 836 386 879 facile
409 835 583 878 dixerim
598 866 612 883 ‚
631 847 708 878 nec
734 845 935 888 quaerere
957 845 1071 876 nunc
1094 840 1241 874 vacat:
1274 827 1459 871 fortasse

145 907 372 963 Bejotius‚
404 905 744 960 Capperonnerii
768 914 914 958 postea
938 916 1190 956 successor,
1211 901 1263 945 de
1290 911 1377 952 quo
1402 895 1461 940 si-

148 980 262 1023 milia
288 979 497 1021 habentur
524 976 569 1019 in
593 976 695 1018 Vita
721 974 953 1031 Wyttenb.
985 989 1030 1029 p.
1059 987 1158 1028 104.

204 1050 256 1092 P.
283 1049 355 1092 66.
399 1046 552 1090 surdis
565 1045 766 1100 fabulam
793 1045 1050 1100 narremus]
1090 1045 1257 1089 Notum
1281 1054 1463 1098 prover*

148 1119 298 1170 bium,
323 1119 375 1161 de
400 1130 486 1171 quo
510 1117 716 1159 Erasmus
742 1117 884 1171 Adag.
917 1131 964 1170 p.
988 1128 1092 1168 322.

203 1191 256 1232 P.
297 1191 370 1231 68.
435 1189 660 1231 Herculem
707 1187 995 1244 Blusagetcn]
1049 1187 1116 1229 De
1157 1199 1243 1241 quo
1286 1193 1464 1240 egerunt

142 1260 186 1317 J.
226 1260 285 1303 A.
326 1259 576 1312 Emmrich‚
618 1261 670 1303 de
705 1260 931 1303 Musarum
963 1259 1180 1312 Hercule,
1220 1257 1466 1310 Meiningae

152 1332 280 1386 1765.
296 1329 364 1387 40.
388 1341 430 1373 et
447 1331 642 1386 Heynius
672 1332 716 1375 in
743 1332 992 1376 Comment.
1021 1330 1124 1376 Soc.
1152 1331 1263 1387 Reg.
1295 1331 1462 1374 Scient.

149 1404 303 1448 Goett.
331 1403 537 1446 V01.III.
569 1416 617 1456 p.
640 1416 764 1446 xxm
792 1417 895 1457 sqq.

202 1476 255 1518 P.
284 1487 358 1529 70.
400 1472 610 1515 filateries
636 1483 676 1515 et
707 1472 904 1530 opificia]
947 1474 1018 1517 Sic
1044 1487 1124 1528 pro
1149 1473 1367 1522 materia,
1399 1482 1470 1514 se·

153 1556 310 1601 quente
332 1544 503 1596 vocali,
536 1542 675 1586 hiatus
701 1544 885 1588 evitandi
910 1559 1036 1588 causa
1063 1545 1238 1598 scripsit
1263 1544 1468 1596 Wytten-

151 1617 359 1661 bachius:
397 1627 437 1658 et
470 1625 585 1658 recte
622 1614 813 1669 scripsit.
879 1615 989 1658 Nam
1029 1630 1135 1670 quae
1166 1629 1189 1659 a
1214 1616 1466 1669 Frontone,

158 1703 284 1743 quem
321 1687 517 1741 sequitur
551 1685 900 1741 Lindemannus‚
948 1686 1122 1742 fingitur
1157 1686 1202 1730 in
1244 1686 1464 1730 vocabulis

151 1762 338 1803 materia
367 1769 409 1803 et
444 1760 638 1802 materies
672 1758 870 1812 propriae
900 1771 946 1800 ac
980 1761 1207 1802 translatae
1246 1759 1464 1813 significa-

150 1830 283 1875 tionis
304 1830 568 1884 differentia,
595 1842 682 1872 eam
707 1829 830 1872 nihili
853 1843 975 1883 esse,
1001 1833 1068 1873 vel
1092 1829 1322 1883 unicuique
1335 1829 1469 1872 Lexi-

153 1915 203 1946 ca
224 1902 467 1956 inspicienti
492 1902 618 1945 facile
648 1900 826 1955 patebit.
885 1898 1094 1944 Materies
1117 1901 1169 1944 de
1199 1900 1319 1955 ligno
1345 1901 1470 1943 navi.

151 1974 233 2016 bus
258 1972 516 2017 fabricandis
540 1982 605 2015 est
626 1972 739 2026 apud
756 1971 902 2016 Cicer.
919 1973 1046 2016 Verr.
1066 1972 1125 2016 V.
1148 1975 1214 2016 18.
1241 1982 1282 2017 et
1306 1970 1464 2025 Virgil-

152 2046 265 2090 Aen.
290 2045 383 2098 XI,
417 2046 516 2101 328.
548 2044 749 2088 Materia
770 2043 971 2097 docendi,
1002 2040 1237 2095 scribendi,
1262 2051 1347 2084 cet.
1380 2040 1467 2084 fre-

156 2131 291 2172 quens
318 2128 383 2161 est
415 2127 458 2160 et
488 2117 582 2160 aliis
606 2127 648 2159 et
673 2116 854 2160 Horatio
880 2118 939 2161 A.
964 2117 1014 2160 P.
1046 2117 1145 2171 138.
1208 2113 1306 2157 Huc
1334 2113 1469 2167 perti-

156 2201 231 2235 net
245 2189 455 2234 Phaedrae
474 2189 582 2232 illud
606 2189 841 2232 Ovidianae
866 2189 1111 2244 Hippolyto
1132 2187 1290 2230 dictum
1312 2216 1328 2238 ‚
1354 2185 1464 2231 Her.

155 2263 250 2315 IV,
281 2262 363 2304 86:
406 2261 507 2303 Non
541 2274 628 2303 sum
661 2263 845 2303 materia
886 2261 1019 2317 digna
1048 2259 1194 2316 perire
1223 2265 1331 2307 tua,
1364 2255 1395 2299 i.
1421 2268 1463 2301 e.

155 2331 327 2387 ingenio
364 2340 442 2374 tuo
473 2343 622 2375 averso
656 2334 706 2375 ab
736 2346 876 2376 amore
906 2343 947 2375 et
975 2332 1027 2374 ad
1052 2328 1290 2382 venandum
1329 2327 1468 2375 omnis

156 2418 214 2448 no
241 2415 482 2456 converso,
515 2403 744 2458 interprete
767 2404 1009 2447 Facciolato
1032 2400 1075 2443 in
1097 2398 1237 2442 Voce.

216 2473 331 2518 lbid.
374 2473 592 2516 Lutetiam
619 2473 699 2516 tibi
722 2473 902 2517 eundum
925 2470 1096 2527 censeo]
1128 2464 1466 2521 wyttenbachio

158 2546 350 2622 dictum,
382 2545 458 2601 qui
494 2544 598 2590 fecit
624 2557 842 2600 a.1775‚
874 2541 1066 2590 suadenti
1096 2539 1356 2591 Ruhnkenio
1385 2539 1469 2591 ob.-

791 2615 832 2662 D
848 2615 874 2658 d
902 2628 928 2689 ².
1403 2620 1476 2679 ξ9,·
