1879 3160
372 256 458 312 384
649 250 1393 300 ANNOTA‘rloan

377 406 406 433 ,5
434 389 533 430 ceps
557 372 908 428 progrediendum
925 404 941 428 ‚
965 373 1132 430 igitura
1154 376 1345 431 prIncipe
1365 375 1548 422 omnium
1572 370 1672 424 Hod

378 478 405 502 ‚‚
436 459 550 488 mero
577 443 826 487 ordiendum
851 444 934 497 sit,
967 459 989 488 a
1020 460 1106 499 quo
1126 478 1141 501 ‚
1173 448 1305 491 veluti
1331 447 1481 500 fonte,
1516 453 1667 506 reliqui

374 549 401 572 „
432 529 580 559 omnes
607 526 648 557 et
673 515 826 556 Poetae
851 526 892 557 et
917 516 1156 571 Scriptores
1178 528 1414 561 manarunt.
1467 519 1550 562 Sed
1567 524 1669 567 haec

374 619 402 642 ,‚
432 597 497 629 est
520 586 630 639 viri,
663 596 776 627 certe
812 585 1030 639 veterani,
1065 578 1222 642 lectio,
1255 591 1306 632 ad
1337 603 1460 643 quam
1499 593 1669 648 linguan

373 690 401 714 „
433 659 632 712 quaedam
655 657 833 710 cognitio
849 687 863 708 ‚
889 667 970 713 per
991 660 1229 702 tirocinium
1243 671 1435 718 parata,
1479 663 1672 707 adferen-

372 759 401 786 ,‚
429 733 482 774 da
515 730 586 773 sit.
606 720 637 747 '⁵
697 724 869 783 Quibus
906 727 956 768 ad
992 742 1251 784 praesentem
1294 746 1458 775 causam
1493 738 1671 777 transla-

369 804 453 856 tis,
498 803 580 845 hoc
618 798 707 842 fere
752 798 881 839 modo
919 802 1199 855 argumentari
1236 801 1411 846 iicebitt
1460 814 1668 858 utrosque

368 874 522 931 partim
556 883 700 926 recte,
745 872 894 927 partim
932 886 1056 916 secus
1090 872 1361 927 praecipere,
1407 883 1447 914 et
1484 874 1556 926 qui
1591 875 1672 917 ini·

366 947 472 989 tium
506 957 529 987 a
568 942 781 997 Graecis,
827 954 868 986 et
903 942 978 996 qui
1021 955 1044 984 a
1083 942 1251 985 Latinis
1293 945 1445 1000 ducere
1492 946 1672 990 malint:

367 1028 514 1070 recte,
554 1016 590 1058 si
624 1013 808 1057 discendi
843 1027 865 1056 a
905 1013 1102 1066 Latinis,
1143 1003 1358 1070 legeaqdi'ya
1380 1016 1556 1059 Graecis
1579 1007 1673 1060 fieri

366 1090 528 1135 velint:
574 1100 697 1129 secus
735 1086 771 1128 si
804 1083 960 1127 discere
993 1097 1038 1125 ac
1072 1083 1208 1140 legere
1242 1087 1532 1131 confundant:
1572 1103 1668 1133 nam

370 1162 476 1217 quin
510 1161 553 1203 in
591 1159 778 1213 legendis
807 1155 1101 1208 Scriptoribus
1136 1169 1158 1198 a
1196 1156 1372 1201 Graecis
1403 1161 1454 1201 ad
1485 1161 1666 1204 Latinos

367 1231 718 1288 progrediendum
754 1228 839 1280 sit,
882 1240 970 1269 non
1010 1240 1101 1269 esse
1142 1228 1346 1273 dubium}
1381 1235 1454 1275 sed
1479 1235 1583 1278 hanc
1604 1236 1667 1279 vi·

368 1307 564 1358 ri,certe
585 1301 799 1353 veterani,
824 1299 1048 1342 lectionem
1075 1313 1197 1352 esse,
1214 1302 1264 1342 ad
1291 1316 1411 1355 quam
1439 1307 1665 1360 utriusque

366 1377 534 1430 linguae
562 1374 762 1426 quaedam
791 1368 979 1423 cognitio
995 1398 1010 1421 ‚
1035 1382 1110 1422 per
1130 1371 1372 1416 titocinium
1395 1387 1535 1429 parata
1553 1409 1568 1430 ,
1593 1379 1664 1420 ad·

368 1448 540 1491 ferenda
565 1446 638 1488 sit.
699 1442 831 1498 Quod
857 1440 1024 1493 quidem
1054 1444 1089 1481 si
1117 1440 1161 1484 in
1186 1448 1541 1501 contempland0‚
1573 1463 1662 1493 non

366 1533 492 1564 secus
527 1528 652 1570 atque
690 1515 732 1557 in
767 1513 930 1566 agendo
955 1542 970 1563 ‚
1015 1510 1237 1553 discrimen
1277 1513 1358 1555 rite
1392 1525 1584 1559 teneatur
1622 1529 1664 1562 et

367 1591 621 1634 observetur
648 1617 662 1638 ‚
714 1583 823 1628 nihil
870 1579 1066 1635 profecto
1116 1589 1215 1633 est,
1271 1595 1378 1636 cur,
1430 1588 1504 1641 qui
1538 1591 1668 1632 semel

365 1665 493 1705 istum
517 1660 761 1703 erraverint
786 1667 970 1696 errorem
986 1683 1003 1706 ‚
1034 1652 1071 1695 si
1092 1662 1228 1695 tamen
1250 1652 1286 1694 is
1313 1667 1428 1697 error
1452 1661 1667 1712 appellan-

368 1734 448 1776 dus
486 1741 549 1773 est
572 1759 590 1783 ‚
629 1730 752 1784 cnjus
793 1725 1029 1781 probabilis
1074 1724 1181 1767 ratio
1217 1725 1334 1767 reddi
1369 1737 1512 1779 potest
1531 1743 1549 1782 3⁴
1592 1730 1666 1772 sed

369 1803 477 1848 nihil
494 1812 586 1854 est,
619 1814 696 1843 cur
716 1799 848 1843 denuo
863 1800 992 1854 pueri
1007 1795 1107 1850 fieri
1133 1794 1336 1848 debeant,
1370 1794 1411 1837 id
1438 1809 1530 1852 est,
1560 1813 1665 1854 quae

369 1875 478 1917 bene
499 1875 580 1929 jam
604 1871 899 1926 perceperint,
944 1883 1091 1912 rursus
1129 1867 1179 1910 ab
1212 1865 1334 1909 initio
1363 1870 1503 1912 omnia
1529 1871 1664 1914 disce-

367 1960 438 1990 re:
471 1957 610 1997 neque
638 1945 719 1986 hoc
745 1943 851 1986 dixit
874 1940 1157 1985 Ruhnkenins
1176 1969 1192 1991 ‚
1224 1940 1299 1980 sed
1324 1940 1456 1981 veluti
1478 1951 1626 1995 plteros
1643 1972 1659 1993 ‚

366 2017 462 2058 ideo
513 2014 659 2067 quod,
708 2026 803 2056 cum
851 2022 968 2056 antea
1002 2014 1048 2052 in
1096 2008 1284 2053 discendo
1322 2022 1350 2049 a
1394 2008 1565 2052 Latinis
1602 2012 1666 2053 ad

372 2087 541 2131 Graeca
573 2083 753 2126 traducti
791 2083 980 2135 fuerint,
1009 2084 1089 2137 jam
1119 2093 1232 2124 nunc
1264 2082 1310 2120 in
1333 2079 1527 2134 legendo,
1560 2095 1666 2125 eon-

365 2156 495 2200 trario
531 2154 707 2206 ordine,
739 2168 767 2195 a
791 2153 965 2196 Graecis
993 2152 1055 2196 ad
1077 2153 1240 2194 Latina
1271 2161 1506 2194 transeunt.
1566 2153 1663 2197 Nec

362 2227 482 2272 aliter
507 2257 522 2278 ‚
579 2226 618 2268 si
658 2225 760 2278 quid
804 2225 927 2267 video
954 2254 968 2275 ‚
1012 2223 1215 2280 ‘fecerunt
1270 2223 1621 2268 Hemsterhusius
1648 2251 1667 2280 ‚-

365 2298 682 2349 Ruhnkenius‚
714 2307 755 2338 et
786 2296 879 2350 ipse
905 2294 1281 2350 XVyttenbachiuS.
1341 2293 1535 2351 Quorum
1559 2296 1661 2350 ille,

366 2367 468 2415 licet
509 2368 623 2422 quali
666 2368 840 2422 puerilis
888 2362 1168 2412 institutionis
1207 2366 1382 2410 exordio
1431 2381 1534 2411 usus
1572 2370 1663 2422 sit,

365 2440 590 2484 memoriae
614 2439 830 2493 proditum
858 2454 945 2484 non
983 2440 1246 2494 reperiatur,
1293 2439 1396 2492 quin
1422 2450 1558 2482 tamen
1589 2453 1661 2481 so-

366 2512 446 2556 lito
478 2524 576 2553 suae
624 2510 771 2553 aetatis
804 2524 919 2553 more
954 2524 976 2554 a
1013 2511 1189 2552 Latinae
1233 2508 1448 2552 elementis
1490 2510 1656 2563 linguae

366 2582 417 2624 ad
439 2580 599 2623 Graeca
621 2579 816 2635 deinceps
849 2594 1101 2636 progressus
1134 2581 1219 2635 sit,
1250 2595 1339 2625 non
1374 2593 1438 2623 est
1462 2579 1660 2622 dubitan-

367 2652 483 2697 dum.
553 2651 614 2695 At
649 2665 751 2697 vero
802 2644 1030 2700 maturiore
1079 2663 1214 2698 aetate
1238 2684 1255 2710 ,
1295 2656 1419 2709 plane
1455 2651 1662 2698 contraria

1598 2731 1666 2762 ra-
