1879 3160
363 182 446 239 33⁶
643 172 1382 230 ΑΝΝΟΤΛΤῙΟΛΠ

361 300 544 360 amplius
575 308 686 355 puer
723 296 937 353 discendi,
968 301 1044 345 sed
1073 303 1145 345 νῖν·
1164 301 1342 346 ulterius
1358 307 1668 362 progrediendi

367 388 410 421 et
428 371 575 432 judicii
615 369 835 414 exercendi
875 384 1004 414 causa
1043 371 1224 426 legebat.
1296 373 1369 415 Ad
1415 375 1670 429 Wyttenba-

366 448 509 492 chium
535 441 701 485 tandem
725 441 844 495 quod
869 442 1049 495 attinet,
1079 442 1116 484 is
1142 445 1360 496 quomodo
1395 460 1530 501 puer,
1562 451 1671 492 duce

361 520 572 577 pega-0,
603 515 795 572 primum
834 513 1053 566 Latinae,
1097 526 1146 557 ac
1184 513 1333 558 deinde
1364 517 1554 561 Graecae
1590 522 1675 562 ele·

365 596 508 633 menta
552 586 723 641 linguae
770 582 1010 638 perceperit
1035 611 1053 635 ‚
1111 595 1154 628 et
1204 587 1430 640 utriusque
1481 589 1676 643 Linguae

362 659 627 716 praecipuos
650 655 857 710 quosdam
894 655 1172 708 Scriptores,
1205 656 1553 711 scriptorumque
1580 671 1675 711 par-

362 741 433 776 tes
456 729 614 786 puerili
646 726 1004 772 commentatIOne
1039 726 1308 780 tractaverit,
1341 741 1438 770 cum
1464 738 1583 770 antea
1609 727 1676 781 ip-

367 814 416 844 se
458 799 616 854 passim
650 795 877 852 professus
914 804 1029 839 esset
1055 824 1072 849 ,
1113 807 1253 850 nuper
1284 797 1424 840 dedita
1461 800 1591 852 opera
1631 798 1676 841 in

362 870 472 918 Vita
499 871 592 928 ejus
624 866 825 923 exposuit
861 865 935 911 Cl.
959 866 1165 911 Mahnius
1192 869 1214 922 (
1229 869 1314 922 ἦε).
1372 868 1525 912 Postea
1543 882 1676 922 vero,

368 941 520 987 XVIII
557 948 764 984 annorum
799 937 1078 991 adolescens,
1110 949 1272 982 memor
1294 949 1497 992 quantum
1523 942 1682 993 volup-

369 1012 470 1057 tatis
495 1024 602 1065 puer
633 1015 679 1056 in
711 1009 891 1054 Graecis
924 1009 1223 1066 percepisset,
1253 1012 1466 1053 exantlato
1496 1011 1681 1064 primum

371 1086 456 1131 illo·
478 1084 896 1138 Xenophonteorum
934 1080 1123 1123 Socratis
1158 1081 1507 1125 Memorabilium
1539 1083 1682 1136 legen-

372 1159 528 1202 dorum
560 1156 740 1207 labore,
780 1155 851 1196 vel
885 1153 978 1195 sola
1016 1149 1271 1204 repetitione
1299 1151 1681 1206 fructuosissimo,

375 1229 622 1283 Scriptores
663 1225 846 1270 Graecos
897 1222 950 1266 ab
1000 1219 1194 1265 Homero
1229 1224 1328 1266 inde
1357 1255 1375 1277 ‚
1427 1224 1683 1280 praecipuos

373 1308 491 1344 oerte
511 1307 553 1341 et
578 1295 767 1352 optimos
788 1304 986 1349 quosque
1001 1321 1019 1346 ‚
1050 1292 1156 1347 legit
1177 1305 1354 1338 omnes=
1386 1305 1516 1349 atque
1539 1310 1585 1339 ea
1614 1297 1690 1338 de-

378 1382 496 1415 mum
534 1367 732 1413 absoluta
764 1363 1029 1421 quadriennii
1062 1377 1228 1419 opera,
1270 1367 1324 1408 ad
1345 1365 1527 1410 Latinos
1552 1378 1692 1411 trans-

375 1442 429 1486 iit
451 1468 471 1494 ,
526 1450 788 1492 quocunque
836 1435 1126 1492 ingrederetur
1179 1434 1345 1479 Graeca
1388 1438 1568 1493 vestigia
1621 1451 1695 1493 ag-

377 1521 596 1564 noscens,
640 1507 700 1551 ita
730 1518 780 1550 ut
819 1518 932 1552 unus
970 1518 1107 1550 annus
1141 1503 1318 1550 Latinas
1358 1506 1398 1550 ei
1433 1510 1694 1563 patefaceret

380 1583 552 1628 Literas
578 1579 701 1636 (†).
760 1577 881 1634 Ergo
919 1578 1037 1633 quod
1071 1576 1455 1633 Hemsterhusius,
1484 1579 1697 1624 Ruhnke-

377 1656 516 1708 nius‚
557 1648 957 1707 Wyttenba'chiuffi
1004 1647 1134 1693 solita
1177 1647 1383 1704 pueritiae
1424 1651 1698 1696 institutione

382 1729 484 1782 usi,
514 1737 597 1770 suo
620 1723 706 1780 ipsi
725 1722 876 1768 deinde
900 1719 1046 1767 studio
1071 1730 1114 1765 et
1143 1721 1290 1764 labore
1311 1723 1533 1766 consecuti
1564 1732 1697 1776 sunt,

383 1811 435 1844 ut
458 1810 606 1843 eorum
634 1809 712 1842 sua
738 1794 922 1851 quisque
949 1792 1016 1838 via
1050 1806 1099 1838 ac
1121 1792 1286 1838 ratione
1320 1795 1373 1838 ad
1395 1794 1631 1851 principem
1653 1796 1699 1838 in

385 1871 546 1917 Literis
573 1871 719 1914 locum
756 1864 1029 1921 perveniret,
1059 1863 1103 1908 id
1137 1878 1218 1909 nos
1248 1867 1459 1911 neminem
1493 1879 1702 1911 consecu-

387 1953 533 1987 turum
558 1941 780 1992 dicemus,
818 1935 904 1980 nisi
933 1935 1008 1988 qui
1031 1937 1152 1991 prius
1179 1942 1343 1991 μοῦσαι,
1376 1952 1502 1992 quam
1528 1952 1701 1992 mensa,

388 2017 535 2063 τύπτω
574 2023 699 2067 quam
737 2022 859 2062 amo,
902 2019 1011 2062 puer
1044 2006 1296 2052 edidicerit?
1366 2010 1477 2053 Nam
1516 2010 1553 2052 si
1587 2010 1703 2053 dicas

397 2088 526 2140 illos,
557 2085 595 2129 si
626 2085 734 2126 hanc
763 2080 872 2124 viam
905 2093 928 2122 a
963 2078 1145 2133 pueritia
1179 2078 1278 2123 inde
1312 2081 1492 2136 ingressi
1531 2091 1702 2133 essent,

392 2159 575 2216 majores
608 2154 763 2207 etiam,
797 2164 922 2206 quam
945 2151 1151 2207 fuerunt,
1183 2150 1300 2195 viros
1333 2151 1536 2207 futuros,
1573 2154 1708 2208 majo-

1620 2235 1712 2266 res-

445 2341 544 2397 (·)
572 2341 657 2383 Vit.
676 2340 883 2391 wyttenb.
906 2352 953 2389 p,
966 2349 1014 2378 20
1035 2349 1097 2387 sq2¹
1122 2348 1170 2388 25
1198 2350 1260 2388 sq.

444 2407 549 2458 (†)
574 2406 667 2446 Vid.
695 2405 827 2446 Praef.
849 2403 896 2442 ad
923 2405 999 2442 Sel.
1022 2402 1124 2443 Hist.
1148 2416 1188 2453 p.
1211 2412 1526 2442 xxxx—xxxvr.
1559 2411 1597 2439 et
1617 2401 1707 2439 Vita

393 2471 601 2522 Wyttenb.
628 2483 669 2520 p.
691 2471 874 2520 68—-87,
925 2470 1058 2518 Atque
1090 2469 1169 2506 huc
1202 2471 1379 2517 pertiliet
1413 2466 1518 2514 quod
1544 2468 1707 2514 scripsit

398 2537 596 2580 Ernesto,
628 2538 795 2584 primum
833 2539 873 2574 in
907 2536 1088 2579 Graecis,
1126 2543 1254 2582 postea
1286 2537 1325 2572 in
1366 2533 1516 2570 Latinis
1545 2542 1703 2580 operam

397 2609 482 2638 sese
506 2601 712 2647 posuisse:
742 2600 895 2649 Opusc.
924 2599 1040 2638 Tom.
1063 2596 1098 2637 1.
1128 2609 1167 2646 p.
1193 2599 1279 2638 800.
