1879 3160
565 153 1157 201 PRAEFATIO„
1459 173 1523 206 xv

205 286 339 328 adhuc
371 279 586 325 doctiores
614 280 705 322 fieri
735 282 935 335 cupiunt.
998 281 1126 326 Unde
1151 282 1382 337 sequitur,
1429 299 1529 340 pas-

206 364 282 404 sim
330 364 449 413 plura
487 372 509 398 a
548 358 673 399 nobis
720 357 1007 401 animadversa
1049 371 1173 411 esse,
1219 373 1324 412 quae
1368 361 1404 402 si
1442 376 1528 406 non

210 441 451 491 legerentur
480 467 494 486 ‚
543 435 652 476 haud
699 435 978 477 desideraturi
1025 445 1166 477 essent
1199 436 1451 479 Doctissimi
1487 449 1529 481 et

209 512 449 557 Clarissimi
476 511 587 552 Viri.
651 511 710 552 Et
733 514 799 554 vel
829 512 885 552 sic
914 523 1048 554 tamen
1086 512 1196 554 haud
1219 526 1352 566 pauca
1378 513 1526 557 subin·

207 592 258 632 de
279 590 599 644 deprehensum
627 588 677 629 iri
695 619 709 640 ,
743 589 793 630 de
823 588 978 641 quibus
999 591 1134 631 valeat
1158 589 1263 631 illud

346 665 509 708 Indocti
531 664 696 706 discant
714 695 728 715 ‚
755 674 901 706 'ament
921 667 1149 721 meminssse
1165 667 1332 722 periti,

209 741 246 784 si
271 741 645 793 affirmaveriinus,
684 742 795 782 haud
826 754 1050 792 veremur,
1085 755 1137 783 ne
1174 755 1196 784 a
1221 754 1323 785 vero
1355 742 1527 796 longius
1581 784 1583 786 ,

199 813 399 860 'aberrare
414 819 645 862 videamur.
676 819 868 860 Alterum
885 818 966 859 hoc
982 826 1046 858 est
1059 845 1074 869 ,
1101 818 1217 869 quod
1237 818 1344 860 hanc
1362 831 1528 861 omnem

210 894 515 937 Annotationis
538 895 704 946 copiam
720 893 942 946 separatim
967 893 1010 935 in
1032 892 1116 934 fine
1145 892 1243 934 libri
1272 894 1524 948 posuimus,

209 970 369 1023 triplici
392 968 659 1021 potissimum
686 969 736 1009 de
757 980 908 1009 causa:
938 966 1120 1020 primum
1139 998 1154 1020 ,
1184 981 1270 1021 quo
1297 971 1431 1025 maJ‘us
1454 983 1533 1013 no-

212 1046 309 1096 bis5
339 1043 496 1085 interea
520 1043 619 1084 dum
657 1042 817 1095 reliqua
850 1043 949 1084 libri
984 1056 1081 1097 pars
1113 1042 1233 1098 typis
1269 1044 1531 1087 describere-

210 1130 308 1172 tur,
340 1120 392 1161 ad
417 1131 506 1161 eam
537 1117 851 1172 colligendam,
897 1120 1223 1173 praeparandam
1261 1130 1302 1162 et
1340 1121 1532 1163 conscri-

208 1196 387 1238 bendam
427 1194 561 1237 otium
598 1204 871 1249 suppeteret:
920 1194 1101 1249 deinde,
1133 1205 1182 1238 ut
1216 1208 1269 1238 ne
1302 1198 1414 1239 mole
1454 1210 1532 1240 sua

210 1258 459 1314 Ruhnkenii
497 1282 538 1315 et
565 1271 891 1326 WVyttenbachii
929 1271 1186 1326 scriptiones
1223 1272 1449 1327 obrueret3
1485 1272 1530 1315 id

212 1349 330 1402 quod
352 1347 521 1402 saepius
549 1348 833 1402 scriptoribus
848 1377 863 1400 ,
889 1349 1113 1392 doctorum
1132 1347 1323 1391 virorum
1342 1349 1528 1392 animad-

186 1467 190 1470 .
214 1426 411 1468 versione
436 1427 504 1467 vel
522 1424 745 1468 illustratis
765 1455 780 1478 ‚
812 1427 882 1468 vel
910 1425 1033 1467 etiam
1053 1425 1293 1468 obscuratis
1311 1455 1327 1478 ,
1359 1425 1528 1468 contin-

214 1515 311 1557 gere
334 1502 556 1555 videmus,
590 1511 630 1543 et
659 1515 682 1544 a
704 1501 849 1544 multis
872 1502 1023 1544 merito
1061 1501 1325 1557 improbari,
1353 1512 1401 1544 ut
1424 1514 1530 1544 con-

214 1589 386 1631 textus,
427 1578 500 1631 qui
540 1579 730 1632 dicitur,
763 1578 1055 1621 annotationis
1084 1590 1294 1633 tamquam
1322 1578 1528 1621 fluctibus

214 1654 400 1697 innatare
430 1667 476 1696 ac
506 1655 817 1709 propemodum
854 1653 1043 1708 immergi
1081 1655 1301 1698 videatur:
1344 1655 1528 1708 denique

217 1729 504 1783 spectavimus
529 1743 631 1783 eos,
665 1731 701 1771 si
731 1729 804 1783 qui
828 1730 943 1782 sint,
980 1743 1090 1782 quos
1117 1741 1256 1773 tamen
1283 1741 1356 1773 aut
1379 1733 1526 1774 nullos

214 1817 284 1849 aut
309 1818 470 1860 paucos
496 1815 610 1847 certe
631 1805 725 1846 fore
758 1818 1006 1859 speramus,
1037 1805 1112 1848 sed
1138 1806 1176 1848 si
1203 1805 1278 1859 qui
1303 1806 1418 1860 sint,
1452 1806 1529 1860 qui

215 1884 465 1925 haenostra
483 1881 776 1923 Annotatione
813 1883 986 1923 onerari
1008 1881 1139 1936 magis
1160 1912 1177 1934 ,
1212 1895 1337 1935 quam
1377 1885 1529 1926 ornari

218 1959 372 2002 librum
395 1957 615 2013 jtidicent3
652 1967 698 1999 ut
723 1957 854 2011 igitur
886 1956 943 2010 ii,
978 1958 1105 2001 missa
1124 1958 1285 2012 reliqua
1308 1958 1407 2001 libri
1431 1971 1529 2013 par-

216 2045 286 2087 te,
317 2037 431 2077 solas
461 2035 672 2087 integraS,
717 2043 846 2086 atque
875 2034 926 2076 ab
960 2034 1076 2078 omni
1112 2034 1270 2077 alienae
1303 2034 1528 2090 contagio·

214 2113 282 2154 nis
310 2111 402 2154 labe
426 2110 602 2154 intactas
620 2141 634 2162 ‚
664 2111 804 2164 legere
834 2121 1013 2164 possent
1038 2110 1172 2164 ipsius
1203 2111 1454 2154 Ruhnkenii
1485 2121 1526 2154 et

218 2187 542 2242 XVyttenbachii
569 2186 788 2241 palmarias
815 2187 1092 2240 scriptiones-

279 2338 425 2390 Atque
458 2338 514 2381 ita
549 2351 702 2394 sponte
736 2339 1007 2394 pervenimus
1046 2340 1096 2382 ad
1133 2351 1221 2382 earn
1250 2338 1530 2382 Praefationis

222 2425 392 2455 nostrae
434 2425 591 2467 partem
616 2446 631 2468 ,
673 2430 754 2469 qua
795 2429 960 2458 eramus
1007 2413 1243 2469 exposituri
1291 2414 1343 2456 de
1379 2415 1528 2458 harum

227 2488 505 2542 scriptionum
530 2492 724 2534 laudibus
748 2503 874 2544 atque
899 2491 1180 2534 utilitatibus:
1216 2503 1339 2544 quam
1362 2491 1528 2534 tertiam

222 2576 360 2608 earum
394 2567 521 2609 simul
554 2581 640 2610 uno
672 2567 888 2611 volumine
923 2567 1242 2622 repetendarum
1266 2567 1532 2612 Luchtman-

1454 2655 1532 2687 sus
