1879 3160
327 230 415 285 426
605 221 1210 269 ANNOTATIO
1268 236 1343 271 an

326 354 511 398 Philom.
542 347 600 389 L.
628 348 711 391 111.
754 359 803 402 p.
833 356 909 403 127
928 368 982 381 -
1003 357 1102 402 130.
1136 356 1177 391 et
1205 359 1314 402 quae
1353 346 1415 391 ibi
1448 349 1633 395 animad-

325 424 455 471 vertit
482 420 669 465 Censor.

381 491 492 536 Ibid.
534 488 752 531 Monentes
781 498 829 531 ut
851 489 880 529 ὰ
911 489 1190 532 Valckenario
1218 514 1274 524 —
1299 502 1407 549 opem
1435 501 1630 549 peteret,

325 577 442 623 quem
480 564 528 604 in
555 561 711 618 primis
740 558 803 602 ad
830 559 1024 602 ornanda
1049 559 1303 618 fragmenta
1339 565 1550 620 egregium
1579 584 1635 598 -

325 641 582 694 apparatum
608 629 782 686 habere]
814 630 962 686 Epist.
986 631 1063 675 III.
1090 634 1256 687 Opusc.
1290 635 1350 678 T.
1369 638 1426 678 ΙΙ.
1454 647 1500 688 p.
1523 637 1632 688 825:

330 736 359 759 „
389 701 673 745 Valckenario
689 731 704 754 ‚
736 701 878 755 inquit
902 701 1186 746 Ruhnkenius
1202 735 1217 756 ‚
1242 720 1367 749 nemo
1397 708 1519 760 plura
1544 707 1637 748 col-

333 808 361 831 „
388 774 493 830 legit
520 774 770 826 Fragmenta
787 802 803 825 ‚
836 785 888 814 ex
912 773 1083 816 ineditis
1111 779 1357 829 praesertim
1383 777 1637 820 Grammati-

334 879 362 902 „
395 844 515 890 cis.”
587 843 776 886 Tirones
815 857 938 887 usum
977 846 1308 891 animadvertant
1340 847 1506 890 relativi
1539 859 1639 888 cum

328 918 573 970 infinitivo,
604 929 722 971 quem
752 937 806 949 —
834 916 1009 971 habere,
1042 931 1121 972 pro
1147 928 1186 960 ct
1216 919 1286 961 vel
1314 931 1412 959 nam
1447 918 1555 959 hunc
1583 936 1641 949 —-

330 991 514 1043 habere,
555 986 756 1031 Ciceroni
790 988 969 1042 aliisque
1002 989 1287 1043 frequentem.
1345 988 1420 1031 Cf.
1453 989 1503 1030 de
1539 988 1637 1031 Fin.

329 1062 418 1115 111,
450 1074 520 1116 ¹9·
549 1070 591 1102 et
623 1059 824 1102 Lindem.
858 1060 910 1101 ad
940 1061 985 1105 h.
1012 1062 1045 1103 1.
1107 1060 1356 1104 Callimachi
1395 1060 1638 1115 Elegiarum

332 1135 613 1188 Fragmenta,
643 1145 666 1172 a
691 1129 997 1173 Valckenaerio
1025 1135 1233 1182 collecta,
1268 1145 1318 1174 ex
1345 1133 1481 1185 ipsius
1511 1145 1640 1185 appa-

332 1216 427 1249 ratu
452 1214 602 1259 postea
627 1201 807 1244 edidisse
830 1201 1064 1243 Luzacium
1096 1202 1155 1244 V.
1185 1202 1258 1244 Cl.
1291 1202 1436 1256 Lugd.
1473 1203 1565 1246 Bat.
1598 1216 1637 1246 a.

338 1289 467 1331 1299,
500 1274 700 1317 omnibus
726 1283 873 1316 notum
904 1282 984 1316 est.

389 1348 501 1391 Ibid.
545 1347 633 1388 Nil
644 1345 706 1389 ad
729 1345 874 1386 horum
897 1346 1101 1384 ratlanem
1127 1343 1474 1398 triumvirorum]
1508 1343 1641 1387 Conf.

336 1421 446 1464 infra
463 1414 826 1472 Wyttenbachius
857 1427 901 1466 p.
929 1427 1029 1466 224.

340 1510 342 1513 ·
392 1490 508 1533 Ibid.
553 1488 647 1529 Nec
668 1487 696 1526 ἁ
720 1484 1019 1533 Valckenaerio
1046 1482 1151 1539 qaid
1169 1483 1402 1537 any'umenti
1417 1485 1436 1539 ]
1468 1485 1645 1539 Quippe

337 1561 462 1616 cujus
490 1571 544 1602 ne
581 1569 738 1601 nomen
767 1555 964 1608 quidem,
998 1564 1046 1596 ut
1083 1554 1397 1596 Hemsterhuin
1428 1565 1470 1596 et
1494 1555 1648 1596 Ruhn-

339 1629 486 1681 kenii‚
519 1628 564 1671 in
595 1628 723 1670 titulo
761 1627 858 1671 libri
890 1637 1135 1680 comparet:
1168 1639 1261 1670 nam
1299 1626 1415 1679 quod
1451 1639 1545 1667 eum
1573 1627 1648 1669 ali·

346 1701 546 1754 quoties,
591 1698 719 1750 idque
755 1699 828 1742 vix
867 1697 1090 1740 duodecim
1125 1697 1265 1750 locis,
1304 1698 1405 1740 citet
1442 1699 1648 1741 Ernestus

344 1773 389 1816 in
412 1771 527 1815 notis
553 1770 669 1823 suisg,
697 1770 780 1812 hoc
806 1781 886 1812 tam
915 1781 1089 1823 parvum
1113 1769 1396 1823 adjumentum
1426 1782 1505 1822 pro
1529 1772 1649 1812 nullo

345 1845 488 1887 haberi
513 1853 705 1897 poterat:
729 1840 867 1896 judice
881 1841 1073 1883 Censore
1089 1839 1275 1881 Philom.
1303 1839 1462 1883 L.11{.
1484 1854 1529 1894 p·
1551 1854 1648 1896 133.

403 1915 518 1957 Ibid.-
568 1913 669 1954 Non
706 1911 817 1968 quod
851 1912 917 1953 hic
947 1911 1219 1964 (Valcken.)
1262 1913 1386 1954 nollet
1418 1911 1551 1964 dare,
1583 1911 1656 1952 sed

348 1984 459 2043 quod
485 1984 694 2027 Ernestus
719 1983 844 2025 nollet
874 1995 1054 2037 rogare,
1090 1984 1324 2038 intelligens
1349 1995 1446 2022 suas
1477 1982 1654 2037 copiolas

345 2060 394 2099 in
417 2059 550 2099 tantis
573 2058 748 2098 aux-‘liis
774 2055 965 2096 obrutum
992 2053 1095 2107 iri.]
1130 2051 1265 2095 Cous.
1294 2053 1344 2093 ad
1368 2053 1460 2095 11.1.
1490 2053 1655 2096 Ernstii

350 2137 394 2169 et
414 2127 697 2171 Valckcnaerii
726 2127 846 2180 Epp.
871 2127 922 2168 ad
937 2125 1164 2168 Ernestum
1182 2153 1197 2175 ,
1223 2123 1335 2177 apud
1359 2123 1655 2167 Tittmannum

348 2212 399 2255 p.
425 2212 542 2254 43—-
564 2209 636 2252 55.
671 2209 712 2241 ct
737 2200 930 2243 Censura
956 2196 1070 2239 laud.
1104 2209 1150 2249 p.
1182 2199 1440 2250 134—138.

408 2273 458 2315 P.
487 2275 559 2315 81.
613 2267 776 2311 Addidi
810 2271 939 2311 etiam
978 2291 1032 2303 —
1072 2277 1267 2324 excerpta
1307 2267 1455 2323 misit]
1509 2267 1655 2310 Locus

351 2353 416 2386 est
448 2344 489 2386 in
519 2340 704 2386 Praefat.
736 2339 911 2386 Ernest.
942 2355 990 2395 p.
1017 2352 1156 2384 xvm.

409 2415 521 2459 Ibid.
563 2414 808 2456 Ruhnken&
831 2438 886 2447 -
917 2415 1071 2455 merita
1102 2415 1148 2454 in
1169 2411 1520 2470 Spanlzemiatmm
1552 2422 1659 2451 com-

351 2489 638 2529 mentarium:
667 2499 785 2543 quem
812 2485 884 2528 ille
912 2485 1054 2526 multis
1080 2484 1176 2526 locis
1202 2506 1244 2515 —
1270 2482 1487 2537 correxit]
1529 2480 1660 2535 Quod

351 2560 591 2613 cujusmodi
620 2559 782 2612 fuerit,
813 2555 1064 2612 intelligitur
1094 2569 1143 2598 cx
1167 2555 1304 2609 ipsius
1333 2551 1579 2595 Ruhnkenii
1609 2551 1661 2591 ad

350 2629 529 2677 Ernest.
578 2631 711 2675 literis
757 2644 804 2687 p.
843 2632 927 2687 846
952 2643 963 2675 ε
1027 2660 1055 2685 „
1090 2626 1475 2684 Spanhemiamxm‚
1522 2622 1663 2674 inquit

1551 2708 1666 2737 cein-
