1879 3160
304 202 590 246 VITAM
650 201 1177 247 RUIINKENII·
1322 216 1402 257 421

161 324 270 369 Ibid.
314 325 460 368 Mense
484 325 688 380 Octobre]
730 326 823 367 Iino
839 353 854 376 ‚
880 338 1012 367 mense
1030 324 1182 379 illuso,
1214 324 1258 367 d.
1284 323 1407 370 XVI.
1430 370 1434 375 ,

103 405 149 437 ut
189 409 239 437 cx
274 395 368 449 ipso
404 396 621 440 Orationis
661 385 829 438 constat
864 396 1023 448 titulo,
1069 399 1200 439 relato
1238 385 1433 450 opusc.'

101 466 280 511 Ruhnk.
308 481 354 520 p.
377 466 458 519 883
492 480 586 510 cum
608 467 775 520 quidem
802 466 985 521 ejusdcm
1014 467 1111 510 anni
1135 478 1239 523 1757
1266 458 1429 523 proxi·⁴

100 552 166 581 me
192 540 468 594 praecedente
503 551 645 581 mense
683 537 948 588 Februario,
982 538 1243 582 Ruhnkcnio
1279 541 1414 583 delata

100 609 255 654 fuisset
279 609 458 653 docendi
486 607 734 661 provincia,
767 618 813 650 ut
848 611 1049 652 novimus
1080 623 1129 653 ex
1161 611 1268 653 dat1s
1297 624 1416 655 men-

102 695 148 724 se
189 683 355 725 Martio
386 681 571 724 Ernesto
598 679 759 731 literis,
803 679 907 722 ibid.
951 694 997 734 p.
1024 682 1139 733 846:
1191 710 1218 731 ,‚
1241 679 1412 735 Obtigit

108 784 134 806 „
165 754 273 796 enim
301 752 509 795 tandem”
543 751 683 804 inquit
717 782 743 804 „
767 751 875 794 vitae
901 764 1014 794 meac
1041 750 1280 804 studiIsque
1306 766 1411 806 por-

105 854 132 876 „
163 833 233 866 tus
260 822 440 865 maxime
477 822 731 874 tranquillus
761 832 801 863 et
824 834 1015 877 optatus.
1075 823 1273 876 Namque
1298 815 1422 867 men->

105 925 132 946 ‚,
162 907 208 936 se
235 893 426 948 proxime
465 896 611 948 elapso
643 893 928 936 Illustrissimi
959 896 1208 940 Academiae
1227 896 1414 939 Leiden-

104 998 132 1020 „
163 968 222 1009 sis
260 968 526 1018 Curatores,
568 963 885 1008 Hemstcrhusii
931 968 1291 1012 commendatione
1338 970 1413 1012 ad-

103 1070 130 1092 „
163 1039 312 1092 ducti,
338 1052 403 1080 me
428 1038 652 1092 publicum
677 1036 944 1080 Graecarum
966 1039 1192 1080 literarum
1217 1040 1414 1084 Praelec-

103 1143 130 1165 „
161 1122 291 1153 torem
334 1107 573 1162 (Germani
600 1104 882 1160 Professor-em
914 1109 1310 1153 extraordinarium
1346 1113 1413 1155 di-

103 1214 130 1236 „
162 1180 290 1232 cunt)
317 1176 544 1231 proposito
570 1176 673 1219 satis
709 1178 928 1219 luculento
954 1178 1170 1232 stipendio
1196 1192 1409 1228 crearunt.

101 1286 129 1309 „
160 1250 304 1297 Cessit
343 1249 471 1302 igitur
509 1247 612 1289 mihi
647 1260 838 1290 summus
875 1248 1104 1302 magister,
1146 1250 1201 1292 ob
1232 1263 1412 1297 aetatem

104 1357 132 1380 „
162 1326 519 1379 ingravescentem
539 1350 554 1372 ,
587 1319 773 1362 Graecae
801 1319 969 1373 linguae
997 1321 1208 1365 docendae
1235 1327 1412 1377 provin-

102 1428 132 1451 „
162 1397 297 1439 ciam:
343 1392 546 1435 historiae
593 1391 613 1446 [
621 1393 824 1448 patriae,
868 1404 962 1433 nam
997 1395 1273 1438 universalem
1316 1397 1413 1439 Ou-

106 1499 134 1520 „
163 1464 424 1518 dendorpius
459 1462 684 1516 tradebat]
717 1461 1023 1504 enarrationem
1053 1463 1136 1506 sibi
1168 1469 1409 1516 servavit.'’

98 1538 355 1583 Monuimus
389 1533 490 1576 item
520 1533 563 1576 in
594 1531 736 1576 Praef.
767 1547 813 1587 p.
838 1546 980 1577 xvm.

154 1612 207 1654 P.
235 1621 312 1665 74.
352 1604 488 1648 Haud
519 1603 674 1660 dubio]
718 1605 1054 1658 VVyttenbachio
1091 1620 1313 1661 operarum
1344 1623 1411 1653 er-

98 1693 237 1725 rorem
265 1678 488 1722 obtrusum
518 1689 643 1730 esse,
679 1676 920 1731 suspicatur
942 1677 1277 1723 Lindemannus.
1335 1682 1415 1725 Sa·

99 1766 154 1798 ne
181 1751 272 1794 aliis
303 1749 443 1802 locis,
476 1757 524 1790 ut
559 1759 688 1801 supra
718 1760 764 1800 p.
797 1761 848 1801 17
877 1758 920 1790 et
949 1747 1056 1791 infra
1087 1761 1135 1802 p.
1166 1752 1247 1802 81,
1283 1751 1410 1795 habet

98 1822 297 1865 usitatius
329 1818 451 1864 haud
474 1818 623 1872 dubie,
658 1830 743 1869 quo
783 1819 993 1862 sexcentis
1030 1819 1139 1861 locis
1170 1821 1302 1864 utitur
1331 1823 1410 1865 Li-

98 1892 224 1943 vius,
257 1893 444 1945 exceptis
485 1901 624 1933 tamen
654 1887 872 1942 XXXIV,
903 1904 947 1934 2·
988 1901 1030 1933 et
1069 1892 1292 1946 XXV111·‚
1331 1908 1406 1949 17.

103 1963 176 2006 ubi
209 1962 297 2006 vid.
328 1964 605 2015 Inter-pretes.
666 1961 866 2002 Fortasse
891 1961 1116 2005 discrimen
1142 1962 1197 2005 ita
1222 1973 1409 2007 statuen-

102 2036 201 2078 dum
222 2065 237 2086 ‚
290 2044 338 2076 ut
398 2046 495 2075 cum
547 2030 853 2088 conjunctione
895 2042 1077 2084 ponatur
1129 2033 1406 2087 adverbium,

99 2105 346 2157 dicaturque
390 2104 509 2147 haud
552 2104 701 2147 dubie:
744 2115 839 2145 cum
879 2103 1198 2157 praepositione
1244 2103 1410 2147 Ablati-

99 2187 180 2218 vus
213 2185 391 2225 neuter,
420 2179 506 2218 sine
533 2176 674 2219 dubio,
732 2175 934 2218 Fortasse
963 2175 1082 2215 etiam
1110 2174 1295 2227 vulgaris
1320 2174 1409 2217 for-

100 2246 215 2287 mula
262 2243 380 2286 haud
412 2245 563 2301 dubie,
597 2245 866 2288 librariorum
908 2247 1066 2298 culpa,
1099 2256 1408 2297 nonnunquam

98 2315 271 2369 irrepsit
304 2316 346 2358 in
371 2318 512 2358 locum
551 2306 722 2359 rarioris
747 2315 867 2358 haud
894 2315 1047 2371 dubim
1079 2330 1183 2369 quae
1214 2316 1268 2358 ita
1295 2327 1411 2359 certe

98 2401 191 2430 sese
219 2388 327 2430 tueri
358 2397 529 2440 potest,
563 2396 609 2427 ut
638 2387 870 2440 accipiatur
903 2402 981 2442 pro
1008 2387 1127 2430 haud
1157 2381 1278 2430 dubio
1316 2390 1411 2429 ani-

97 2472 188 2501 mo:
217 2472 308 2502 nam
338 2461 503 2500 animus
531 2456 679 2500 dubius
705 2459 859 2511 legitur
882 2458 992 2511 apud
1011 2458 1164 2509 Cicer.
1193 2471 1270 2511 pro
1294 2458 1406 2514 Leg.

100 2528 258 2575 Manil.
291 2543 358 2575 ιο.
393 2540 433 2573 ct
456 2526 572 2572 alibi.
634 2527 718 2571 Sed
738 2528 789 2570 de
815 2529 900 2572 hoc
928 2537 975 2571 ut
1003 2527 1127 2574 facile
1153 2531 1290 2574 locum
1319 2542 1412 2572 ces-

735 2601 774 2644 D
792 2599 820 2642 d
850 2615 873 2655 3
1349 2599 1409 2643 si-
