1879 3160
418 236 595 282 VITA
645 237 706 281 D..
755 233 1222 281 RUHNKENII.
1399 251 1480 295 199

163 360 417 405 discentium
446 361 609 404 animos
636 357 935 402 enthusiasmo
952 389 966 410 ,
1000 367 1047 400 ut
1072 357 1209 413 ajebat
1225 388 1241 410 ‚
1272 357 1475 404 incende-

161 442 275 476 rent.
337 431 477 486 Atqui
507 432 588 475 iste
629 432 800 474 illorum
842 431 1033 472 laudator
1060 429 1254 472 tantillus
1278 441 1364 474 erat
1392 432 1475 473 ho·

162 506 418 554 muncuIUS,
453 501 558 555 qui,
591 512 748 555 quanta
768 501 812 544 in
834 501 1096 545 Ruhnkenio
1116 510 1229 543 esset
1252 500 1470 544 doctrinae

164 574 324 627 copia,
365 583 606 627 quantaque
641 572 799 628 ingenii
842 574 1126 628 magnitudo,
1169 585 1222 615 ne
1264 572 1472 626 suspicari

167 643 337 697 quidem
362 654 535 697 posset:
570 653 612 686 et
647 654 786 687 tamen
819 645 933 698 apud
970 643 1190 698 imperitos
1213 643 1345 686 veluti
1370 656 1472 688 cen-

167 727 241 760 sor
271 715 326 757 de
363 714 662 759 Professorum
705 715 868 757 meritis
907 715 1188 768 laudibusque
1226 714 1472 768 statuebat,

165 799 401 841 magnaque
445 785 697 828 auctoritate
748 787 932 832 valebat.
1000 787 1112 844 Quis
1154 796 1349 830 nostrum
1375 816 1390 838 ‚
1435 785 1474 829 si

163 857 407 900 istiusmodi
427 857 645 912 judicibus
671 856 947 911 subjiciamur
963 889 978 910 ,
1011 869 1098 904 non

291 944 398 981 Ultra
425 941 654 978 Sauromatas
687 940 817 990 fugere
838 943 928 980 hinc
951 945 1042 982 velit
1071 952 1107 981 et
1131 945 1324 992 glacialem

293 1007 488 1044 Oceanum
517 1003 600 1053 (57
615 1004 635 1051 )
649 1006 668 1043 's'

219 1081 503 1126 Ruhnkenius
527 1095 626 1124 suae
646 1095 692 1125 se
705 1081 879 1126 virtutis
903 1084 1163 1128 conscientia
1178 1095 1223 1128 et
1245 1095 1358 1129 recte
1379 1099 1478 1131 sen*

159 1156 355 1199 tientium
398 1153 646 1196 testimonio
688 1155 906 1200 tuebatur.
995 1155 1200 1198 Omnium
1236 1158 1473 1212 peritorum

158 1225 320 1283 judicio
358 1237 405 1266 ea
432 1234 519 1266 erat
547 1234 709 1276 aetate,
743 1224 902 1279 ingenii
930 1224 1235 1279 doctrinaeque
1266 1230 1474 1285 magnitu-

163 1296 290 1348 dine,
320 1306 367 1338 ut
386 1309 474 1339 non
495 1296 678 1351 amplius
704 1295 876 1338 deberet
900 1296 1062 1338 erudire
1084 1297 1245 1342 tirones
1261 1332 1275 1353 ,
1299 1302 1375 1345 sed
1398 1303 1475 1344 do-

162 1381 257 1410 cere
280 1379 501 1412 veteranos
530 1378 572 1411 et
600 1368 718 1422 ipsos
741 1368 974 1421 doctoreS,
1005 1380 1052 1410 ac
1078 1380 1291 1424 tamquam
1321 1374 1474 1417 Musa-

166 1453 258 1482 rum
288 1440 463 1484 antistes
487 1454 574 1484 non
597 1440 744 1481 rudem
771 1450 811 1480 ct
835 1439 1055 1493 profanam
1081 1443 1246 1487 turbam
1272 1445 1470 1489 institue-

165 1522 238 1561 re,
270 1511 344 1553 sed
372 1509 559 1553 initiatos
585 1510 636 1552 ad
657 1513 858 1555 ἐποπτικὰς
887 1520 928 1552 et
956 1511 1157 1558 interiora
1180 1516 1380 1571 mysteria
1403 1518 1474 1560 ad-

166 1582 349 1633 ducere,
382 1580 555 1624 omnino
597 1581 919 1624 Atheniensium
949 1589 1173 1641 exemplo,
1205 1598 1254 1630 ut
1286 1587 1392 1630 civis
1423 1588 1473 1630 de
1485 1591 1564 1635 162

166 1652 302 1706 patria
331 1652 496 1706 egregie
524 1653 701 1696 meritus
722 1685 737 1706 ,
768 1654 978 1698 confectis
1010 1656 1234 1712 stipendiis
1256 1687 1271 1709 ,
1301 1658 1474 1711 publice

166 1724 211 1766 in
234 1724 443 1777 Prytaneo
463 1723 536 1766 ali.
591 1725 689 1768 Hoc
715 1738 760 1769 se
787 1725 1034 1770 testimonio
1057 1728 1338 1774 sustentabat.
1392 1729 1476 1772 At-

165 1805 304 1838 tamen
327 1795 477 1836 durum
504 1795 719 1838 accidebat
742 1797 900 1841 amicos
920 1798 1101 1851 experiri
1123 1798 1335 1852 perfidos,
1363 1813 1474 1853 quos

166 1866 278 1908 fidos
306 1865 518 1909 duxisset.
585 1868 705 1924 Quid
740 1868 850 1910 enim
881 1867 963 1911 nisi
991 1868 1178 1922 perfidos
1212 1873 1476 1925 appellemus

165 1937 409 1980 istiusmodi
449 1937 646 1980 amicos?
689 1936 727 1979 si
768 1937 937 1990 quidem
982 1954 1078 1984 vera
1108 1942 1288 1985 amicitia
1316 1944 1475 1987 nullam

163 2009 252 2052 fert
291 2011 652 2064 ἕπιχαιρεκακίκν,
699 2010 857 2051 nullam
899 2013 1267 2067 malevolentiam,
1313 2016 1474 2057 nullam

168 2082 395 2135 invidiam,
418 2081 657 2123 irrisionem
681 2082 858 2123 nullam.
914 2082 1012 2127 Hoc
1036 2096 1164 2127 unum
1193 2087 1294 2129 satis
1319 2087 1479 2130 valuis-

167 2161 234 2193 set
261 2152 312 2193 ad
336 2151 591 2194 domestIcae
617 2150 862 2194 calamitatis
891 2165 1065 2196 sensum
1092 2157 1327 2209 augendum
1343 2187 1359 2209 ,
1392 2158 1479 2201 nisi

172 2230 285 2264 tanta
317 2221 410 2274 ipse
453 2221 608 2264 fuisset
655 2221 783 2265 animi
820 2224 1074 2268 constantia.
1151 2226 1270 2282 Quid
1309 2227 1476 2282 igitur?

169 2293 340 2349 cognita
374 2293 554 2335 istorum
587 2293 792 2346 perfidia,
817 2295 942 2346 {hunc
973 2296 1163 2346 dolorem
1194 2298 1480 2352 magnitudine

170 2363 328 2410 veteris
356 2362 518 2405 doloris
549 2366 786 2419 obruebat,
816 2366 991 2419 Ulyssis
1025 2371 1044 2421 (
1060 2370 1156 2422 58)
1188 2372 1416 2424 exemplo,

1369 2450 1479 2496 Στῆ-

164 2589 166 2592 ,
220 2545 343 2600 (57)
368 2549 539 2600 Juvenal.
564 2549 638 2587 Sat.
664 2550 715 2590 11.
733 2579 744 2596 ,
775 2561 811 2590 Ι.

259 2616 302 2663 53
320 2607 351 2664 )’
373 2613 510 2661 odyss„
547 2612 589 2660 ia,
622 2625 684 2662 17.
711 2666 717 2670 ·

879 2675 923 2718 N
954 2691 979 2730 4
1034 2731 1036 2733 ,
