1879 3160
410 122 498 164 430
707 101 1303 149 ANNOTATIO
1361 118 1439 150 An

414 228 583 284 Opusc.
616 226 675 271 T.
697 227 758 269 ΙΙ.
789 237 836 278 Ρ.
856 225 939 277 865
961 235 1062 278 sqq.
1085 235 1131 267 ac
1153 223 1255 267 XV.
1281 225 1333 266 ad
1346 225 1520 271 Ernest.
1547 242 1592 282 p.
1613 228 1711 273 360.

413 300 608 346 Addatur
631 293 955 338 &Vernsdorfius
980 295 1032 336 ad
1061 293 1216 337 Reisk.
1246 307 1294 347 Ρ.
1319 306 1402 348 774
1426 307 1467 338 et
1491 303 1590 350 780.

471 370 521 411 P.
555 370 626 410 88.
672 365 779 408 Vita
803 376 962 422 parum
991 366 1170 420 vitalis]
1212 362 1374 407 Graece
1411 367 1496 419 βίος
1524 369 1718 417 ἀβίωτος.

414 438 561 484 Dictio
596 446 723 481 notae
748 448 794 478 ae
820 436 1022 489 probatae
1046 436 1302 490 elegantiae,
1336 434 1539 487 frequens
1562 435 1721 478 utrius-

417 522 503 563 que
538 508 742 552 orationis
768 505 1080 560 scriptoribus.
1142 508 1284 551 Habet
1313 520 1363 549 ex
1390 505 1567 557 Ennio,
1599 506 1722 559 cujus

414 578 541 623 conf.
566 579 735 632 Fragm.
763 591 811 632 Ρ.
829 591 928 632 332.
963 577 1031 621 ed.
1056 577 1229 621 Hessel.
1249 607 1265 630 ‚
1305 579 1461 621 Cicero
1500 579 1552 621 de
1578 577 1720 621 Amic.

415 652 475 696 C.
495 652 540 694 6.
563 649 638 693 ubi
660 650 750 693 vid.
774 646 1014 702 Graevius,
1037 656 1080 690 et
1095 646 1141 692 in
1163 647 1336 693 Scholis
1361 663 1534 695 monere
1560 649 1727 692 solebat

412 720 794 776 Wyttenbachius.

474 791 590 835 Ibid.
637 791 889 848 Exemplum
920 790 972 834 de
1005 803 1137 836 uxore
1171 791 1411 845 Heineccii‚
1447 793 1523 848 qui
1562 790 1730 832 Franc-

416 877 592 919 queram
637 863 846 919 profectus
863 893 879 916 ‚
929 864 1049 919 cet.]
1107 863 1219 907 Rem
1270 862 1401 907 refert
1438 863 1728 907 Vriemoetius

418 936 585 980 Athen.
616 936 729 978 Fris.
761 950 806 989 p.
831 938 913 977 802
938 948 1012 989 sq.

476 1005 527 1049 P.
556 1008 632 1060 89.
678 1004 995 1063 Oudendorpius
1018 1005 1239 1061 moritur]
1281 1005 1354 1049 Ad
1375 1007 1419 1053 d.
1442 1006 1568 1050 XIV.
1597 1005 1728 1050 Febr.

422 1075 481 1118 A.
514 1080 643 1130 1761.
685 1086 796 1121 teste
832 1075 899 1121 Te
923 1078 1101 1121 VVatero
1136 1078 1311 1122 Narrat.
1351 1079 1404 1120 de
1433 1078 1562 1120 rebus
1592 1077 1728 1120 Acad.

422 1148 552 1193 L.B.
586 1162 633 1203 p.
659 1162 762 1203 219.
823 1147 901 1191 Cf.
936 1147 1088 1191 Saxius
1119 1147 1208 1191 On.
1239 1147 1330 1190 Lit.
1362 1150 1416 1193 P.
1444 1152 1526 1193 VI.
1557 1163 1605 1203 p.
1628 1154 1731 1203 336.

482 1219 596 1265 Ibid.
643 1218 846 1263 Oratione
865 1248 880 1272 ‚
911 1218 961 1262 de
982 1220 1164 1263 Doctore
1187 1219 1466 1274 Umbratico]
1509 1219 1733 1262 Doctorem

423 1291 750 1345 Umbraticum,
792 1291 873 1334 ista
907 1292 1076 1346 quidem
1119 1292 1164 1335 in
1206 1295 1355 1335 malam
1393 1299 1557 1344 partem
1599 1303 1738 1337 sumta

426 1364 772 1419 significatione,
817 1377 939 1416 quem
988 1364 1243 1407 intellexerit
1290 1362 1608 1418 Ruhnkenius‚
1651 1366 1735 1409 hoc

425 1436 528 1478 loco
555 1434 694 1476 minus
732 1434 917 1477 dilucide
950 1432 1228 1487 explicitum,
1261 1431 1304 1474 in
1337 1433 1468 1475 altera
1495 1444 1666 1488 autem,
1698 1437 1737 1479 si

428 1504 637 1559 quando,
679 1505 807 1561 hujus
839 1505 966 1548 Vitae
1006 1503 1190 1546 editione
1225 1502 1469 1558 diligentius
1507 1516 1738 1552 retractan-

428 1576 562 1631 dum,
600 1586 749 1630 postea
779 1577 976 1620 disertius
1012 1576 1117 1620 dixit
1151 1575 1516 1630 WVyttenbachius
1548 1579 1733 1625 Philom.

426 1645 488 1690 L.
519 1647 560 1691 Ι.
603 1658 649 1700 Ρ.
677 1659 882 1702 10—15.
914 1662 964 1691 ex
997 1649 1180 1703 ejusque
1215 1647 1424 1691 sententia
1460 1649 1634 1692 uberius
1667 1652 1741 1694 de-

430 1720 645 1761 clararunt
688 1717 864 1762 Sodales
902 1717 1208 1764 Philomathiae
1250 1728 1292 1761 et
1335 1720 1407 1763 Cl.
1451 1718 1657 1764 Mahnius
1694 1721 1739 1765 ln

431 1791 600 1835 Annot.
649 1791 701 1834 ad
751 1789 993 1833 eorumdem
1045 1789 1292 1844 Epistolis,
1333 1790 1443 1834 locis
1479 1792 1658 1835 laudatis
1695 1793 1740 1837 in

433 1861 616 1906 Praefat.
649 1860 819 1916 Opusc.
856 1859 1091 1904 Ruhnken.
1132 1875 1181 1915 p.
1215 1871 1336 1904 xvm
1361 1875 1465 1915 sqq.
1523 1862 1741 1906 Videlicet

432 1934 619 1988 tempori
652 1934 816 1986 magis,
858 1944 984 1986 quam
1015 1932 1181 1975 veritati
1211 1932 1472 1983 obsecutu5‚
1509 1943 1599 1975 non
1635 1933 1738 1976 adeo

435 2006 505 2049 sui
532 2006 694 2049 ordinis
719 2005 941 2056 homines,
972 2003 1244 2048 Professores
1268 2003 1578 2055 Academicos,
1611 2004 1744 2059 signi·

434 2076 582 2121 ficavit
611 2075 928 2126 Ruhnkenius,
958 2076 1033 2118 sed
1062 2076 1208 2130 potius
1242 2075 1428 2119 minores
1463 2073 1676 2118 Doctores
1703 2085 1746 2120 et

435 2148 648 2192 Rectores
675 2147 991 2200 Scholasticos3
1037 2159 1087 2189 ex
1122 2147 1262 2200 iisque
1295 2145 1540 2190 nominatim
1578 2158 1744 2201 unum,

436 2221 727 2278 Augustinum
760 2220 1032 2263 Staverenum
1052 2250 1067 2272 ‚
1110 2219 1335 2274 Gymnasii
1379 2218 1605 2262 Leidensis
1643 2226 1743 2261 tunc

440 2292 646 2347 temporis
685 2291 945 2345 Rectorem3
1000 2304 1185 2345 quocum
1226 2292 1311 2347 ipsi
1353 2302 1396 2335 et
1439 2290 1745 2346 Heusingero,

444 2363 594 2406 edendi
631 2362 818 2417 Nepotis
857 2365 1017 2417 causa,
1049 2363 1211 2417 aliquid
1250 2364 1476 2407 simultatis
1513 2362 1744 2407 intercede·

441 2433 534 2477 bat.
591 2433 740 2488 Atque
768 2436 852 2478 hoc
884 2437 1023 2490 ipsum
1052 2436 1157 2479 illud
1184 2444 1277 2488 est,
1310 2436 1426 2488 quod
1455 2433 1563 2479 infra
1590 2433 1743 2488 legitur

444 2517 493 2561 p.
521 2508 626 2551 126:
671 2506 920 2552 Ruhnkem'o
951 2522 1003 2552 cx
1041 2508 1120 2551 illa
1159 2506 1367 2549 hominum
1402 2505 1746 2551 Scholasticoram

1689 2569 1754 2627 of·
