1879 3160
290 193 384 239 ,942
548 175 730 219 vrrA
775 173 836 216 n.
883 173 1341 238 RUHNKENH.

291 301 398 354 ber,
430 300 551 354 cujus
578 296 620 341 in
648 293 924 348 dexteritate,
956 308 1003 339 ac
1033 297 1252 352 diligentia
1274 298 1331 342 ita
1354 300 1595 354 acquiesce·

292 373 397 424 bat,
430 380 476 411 ut
515 366 722 410 medicum
758 365 886 409 alium
924 367 1178 412 desideraret
1215 370 1458 424 neminem,
1489 384 1599 425 aut,

292 443 330 491 si
360 442 504 492 forte,
538 438 621 480 hoc
647 437 744 490 ipso
777 448 951 483 auctore
969 470 985 492 ‚
1017 439 1060 483 in
1093 441 1336 484 societatem
1365 443 1600 486 curationis

295 515 332 559 ei
363 513 607 566 adjungeret
637 508 698 550 N.
726 509 786 552 G.
821 509 1184 565 Oosterdykium,
1219 513 1459 557 Medicinae
1493 513 1603 555 Pro-

202 599 284 641 274
296 586 499 631 sessorem
515 609 533 634 ‚
562 580 840 625 clarissimum
868 579 1084 623 doctrinae
1109 580 1217 624 fama
1241 595 1283 626 et
1309 598 1390 627 usu
1410 585 1512 628 artis
1534 585 1600 627 vi-

295 669 389 701 rum
404 686 419 707 ‚
441 651 523 695 sibi
548 663 590 694 et
613 652 795 707 collegio
825 664 866 696 et
887 652 1071 695 amicitia
1093 654 1212 696 valde
1235 655 1490 708 probatum:
1521 654 1598 708 qui

294 741 397 772 tunc
422 726 551 778 item,
583 735 631 768 ut
662 724 706 768 in
733 724 977 780 gravissima
1001 737 1149 766 caussa
1166 755 1181 776 ,
1212 724 1356 766 socius
1386 736 1603 767 assumtus

297 808 380 843 est.
442 798 671 840 Caeterum
692 828 708 850 ,
753 795 930 839 morbus
978 795 1224 838 insanabilis
1264 796 1323 838 ita
1367 795 1603 839 tolerabilis

295 868 408 921 fuit,
441 878 488 910 ut
517 865 804 912 Ruhnkenius
833 866 870 908 ei
897 865 1053 909 sensim
1078 867 1374 920 adsuesceret,
1405 879 1485 910 nec
1510 866 1606 920 ipse

296 955 345 986 se
384 951 456 983 aut
491 948 708 993 aegrotare
743 950 1033 997 magnopere,
1075 948 1147 983 aut
1183 937 1228 982 in
1261 938 1372 982 vitae
1412 937 1606 994 periculo

296 1011 487 1064 versari,
519 1009 724 1054 sentiret,
775 1010 886 1052 Nam
920 1009 1116 1067 proximo
1141 1020 1345 1052 autumno
1377 1009 1606 1062 aliquoties

297 1095 495 1133 venatum
525 1081 649 1135 exiit,
679 1093 727 1122 ac
752 1078 892 1122 fossas
918 1079 1050 1131 ade0‚
1082 1078 1267 1132 pristino
1292 1092 1436 1132 more,
1468 1090 1608 1124 trans-

297 1154 419 1199 siliit.
479 1152 628 1195 Hiems
660 1151 886 1205 deinceps,
920 1160 1070 1204 pectus
1100 1148 1258 1203 frigore
1280 1150 1497 1204 afficiens,
1529 1153 1608 1194 do-

299 1226 357 1276 mi
378 1238 471 1268 eum
498 1222 647 1266 tenuit.
688 1221 901 1274 Sequente
926 1231 1081 1264 aestate
1107 1219 1308 1275 (1797.)
1335 1224 1514 1265 multum
1539 1236 1608 1266 re-

301 1308 497 1351 creatus,
530 1297 654 1350 plane
682 1292 765 1335 sibi
797 1294 1063 1336 convaluisse
1089 1291 1342 1357 videbatur3
1377 1305 1424 1336 ut
1453 1296 1506 1337 ad
1533 1282 1607 1339 veo

301 1380 430 1413 terem
454 1368 565 1411 vitae
591 1365 939 1410 consuetudinem
965 1377 1012 1407 se
1038 1363 1244 1416 referret,
1272 1365 1494 1417 exeundo,
1518 1379 1608 1410 am-

301 1440 518 1491 bulandO,
550 1438 744 1493 agend03
776 1450 854 1490 per
880 1445 1128 1478 autumnum
1150 1433 1273 1475 etiam
1299 1434 1514 1478 venationi
1536 1436 1613 1481 ali-

304 1513 408 1567 quid
437 1510 668 1560 tribueret,
699 1507 775 1550 sed
804 1505 1023 1559 aliquanto
1050 1505 1190 1548 minus
1231 1517 1354 1558 quam
1391 1507 1612 1560 superiore

301 1595 433 1632 armo.
496 1581 538 1622 A
563 1579 789 1622 venatione
806 1609 821 1631 ‚
854 1587 900 1620 ut
927 1576 1108 1621 subinde
1137 1577 1303 1619 solebat
1328 1577 1447 1632 fieri,
1481 1591 1614 1624 catar-

302 1656 425 1698 rhum
464 1651 637 1694 retulit:
677 1649 751 1703 qui
791 1658 910 1691 antea
941 1647 1004 1690 nil
1035 1647 1182 1691 oberat
1208 1650 1464 1703 valetudini,
1496 1666 1610 1704 nunc

303 1725 354 1768 ad
380 1723 615 1777 hydropem
650 1721 884 1771 accedens,
918 1719 1151 1773 graviorem
1187 1720 1230 1763 in
1265 1721 1434 1763 modum
1463 1711 1614 1776 pectus

304 1793 414 1838 tussi
445 1792 669 1837 afficiebat.
727 1793 825 1845 Ipse
851 1790 911 1834 nil
942 1788 1026 1833 nisi
1056 1790 1206 1833 tussim
1243 1792 1264 1834 e
1291 1793 1483 1834 catarrho
1512 1807 1614 1848 pro·

305 1865 457 1909 fectam
497 1865 720 1923 cogitans,
766 1863 943 1905 hiemem
992 1862 1107 1907 domi
1151 1862 1380 1916 tranquillo
1417 1873 1459 1905 et
1490 1865 1610 1911 hilari

305 1935 444 1980 animo
474 1935 617 1988 degit,
649 1949 736 1979 non
761 1934 852 1977 sine
881 1945 958 1985 spe
983 1932 1174 1977 sanitatis
1197 1935 1277 1976 sub
1302 1947 1478 1977 vernum
1508 1945 1613 1978 tem·

304 2021 390 2064 pus
432 2009 759 2061 recuperandae.
824 2004 1008 2059 Scripsit
1035 2005 1086 2046 ad
1121 2016 1187 2044 me
1218 2004 1294 2058 (d.
1334 2017 1404 2058 23.
1432 2005 1612 2061 Martii,

310 2082 506 2134 1798.):
546 2110 571 2132 „
589 2079 732 2122 Animi
752 2077 939 2120 hilaritas
966 2077 1105 2117 eadem
1133 2084 1225 2124 est,
1261 2086 1367 2125 quae
1393 2078 1615 2131 superiore

306 2164 437 2201 anno.
489 2151 572 2194 Sed
598 2152 728 2194 tussis
756 2148 998 2192 catarrhalis
1016 2177 1031 2199 ,
1057 2144 1228 2188 senibus
1252 2145 1434 2200 infesta,
1462 2160 1613 2201 pectus

309 2234 351 2267 et
378 2223 584 2265 abdomen
616 2222 672 2264 ita
704 2231 874 2274 quassat
892 2252 907 2274 ,
942 2230 990 2262 ut
1016 2218 1212 2271 corporis
1238 2216 1348 2261 vires
1381 2219 1513 2262 minui
1541 2235 1618 2265 ne-

307 2306 427 2335 cesse
449 2292 522 2336 sit.
576 2292 737 2334 Medici
760 2304 896 2335 tamen
920 2304 1000 2334 nos
1024 2302 1190 2343 sperare
1208 2289 1366 2345 ‘jubent
1389 2290 1580 2335 futurum
1596 2323 1613 2344 ‚

316 2376 364 2406 ut
395 2363 512 2406 verni
559 2365 763 2418 temporis
800 2361 1020 2407 clementia
1057 2360 1156 2404 huic
1197 2364 1307 2404 malo
1351 2362 1614 2407 medeatur.'’

221 2436 400 2490 275Hae
427 2436 597 2479 ultimae
624 2435 796 2480 fuerunt
823 2437 912 2490 ejus
938 2436 989 2478 ad
1014 2447 1078 2476 me
1099 2432 1278 2487 scriptae
1302 2432 1462 2478 literae.
1503 2433 1613 2476 Veni

310 2507 457 2550 deiude
486 2509 536 2550 ad
566 2522 659 2551 cum
691 2508 775 2564 (d.
808 2511 877 2552 18.
907 2505 1140 2562 Aprilis),
1173 2517 1218 2546 ac
1243 2516 1317 2558 per
1349 2502 1614 2557 quatriduum

1539 2574 1617 2616 do·
