<?xml version="1.0" encoding="UTF-8"?>
<!DOCTYPE html PUBLIC "-//W3C//DTD XHTML 1.0 Transitional//EN"
    "http://www.w3.org/TR/xhtml1/DTD/xhtml1-transitional.dtd">
<html xmlns="http://www.w3.org/1999/xhtml" xml:lang="en" lang="en">
 <head>
  <title>
</title>
<meta http-equiv="Content-Type" content="text/html;charset=utf-8" />
  <meta name='ocr-system' content='tesseract 3.04.00' />
  <meta name='ocr-capabilities' content='ocr_page ocr_carea ocr_par ocr_line ocrx_word'/>
</head>
<body>
  <div class='ocr_page' id='page_1' title='image "./elogiumtiberiihe00ruhnuoft/elogiumtiberiihe00ruhnuoft_0476.png"; bbox 0 0 1879 3160; ppageno 0'>
   <div class='ocr_carea' id='block_1_1' title="bbox 392 156 1417 214">
    <p class='ocr_par' dir='ltr' id='par_1_1' title="bbox 392 156 1417 214">
     <span class='ocr_line' id='line_1_1' title="bbox 392 156 1417 214; baseline 0.004 -12"><span class='ocrx_word' id='word_1_1' title='bbox 392 163 475 214; x_wconf 74' lang='lat'>418</span> <span class='ocrx_word' id='word_1_2' title='bbox 606 156 1417 209; x_wconf 67' lang='lat' dir='ltr'><strong>.ANNOTAT10A1&gt;</strong></span> 
     </span>
    </p>
   </div>
   <div class='ocr_carea' id='block_1_2' title="bbox 380 275 1718 1619">
    <p class='ocr_par' dir='ltr' id='par_1_2' title="bbox 380 275 1718 1619">
     <span class='ocr_line' id='line_1_2' title="bbox 394 275 1709 337; baseline 0.008 -13"><span class='ocrx_word' id='word_1_3' title='bbox 394 294 530 337; x_wconf 85' lang='lat' dir='ltr'>porro</span> <span class='ocrx_word' id='word_1_4' title='bbox 558 278 704 330; x_wconf 87' lang='lat' dir='ltr'>addit,</span> <span class='ocrx_word' id='word_1_5' title='bbox 733 289 816 318; x_wconf 75' lang='lat' dir='ltr'>sese</span> <span class='ocrx_word' id='word_1_6' title='bbox 836 275 910 319; x_wconf 80' lang='lat' dir='ltr'>sub</span> <span class='ocrx_word' id='word_1_7' title='bbox 925 276 1115 331; x_wconf 77' lang='lat' dir='ltr'>futurae</span> <span class='ocrx_word' id='word_1_8' title='bbox 1146 282 1321 325; x_wconf 82' lang='lat' dir='ltr'>aestatis</span> <span class='ocrx_word' id='word_1_9' title='bbox 1356 287 1526 331; x_wconf 81' lang='lat' dir='ltr'>initium</span> <span class='ocrx_word' id='word_1_10' title='bbox 1554 292 1600 332; x_wconf 81' lang='lat' dir='ltr'>in</span> <span class='ocrx_word' id='word_1_11' title='bbox 1623 291 1709 336; x_wconf 87' lang='lat' dir='ltr'>Ba·</span> 
     </span>
     <span class='ocr_line' id='line_1_3' title="bbox 392 352 1709 409; baseline -0.001 -12"><span class='ocrx_word' id='word_1_12' title='bbox 392 355 555 397; x_wconf 74' lang='lat' dir='ltr'>taviam</span> <span class='ocrx_word' id='word_1_13' title='bbox 592 355 862 393; x_wconf 67' lang='lat' dir='ltr'>reversurum</span> <span class='ocrx_word' id='word_1_14' title='bbox 880 372 898 402; x_wconf 65' lang='lat'><em>5</em></span> <span class='ocrx_word' id='word_1_15' title='bbox 942 352 992 394; x_wconf 89' lang='lat' dir='ltr'>ad</span> <span class='ocrx_word' id='word_1_16' title='bbox 1022 353 1114 407; x_wconf 84' lang='lat' dir='ltr'>ejus</span> <span class='ocrx_word' id='word_1_17' title='bbox 1138 354 1296 396; x_wconf 78' lang='lat' dir='ltr'>exitum</span> <span class='ocrx_word' id='word_1_18' title='bbox 1332 357 1480 409; x_wconf 87' lang='lat' dir='ltr'>potius</span> <span class='ocrx_word' id='word_1_19' title='bbox 1508 361 1709 405; x_wconf 65' lang='lat' dir='ltr'>redeundi</span> 
     </span>
     <span class='ocr_line' id='line_1_4' title="bbox 382 420 1710 473; baseline 0.005 -6"><span class='ocrx_word' id='word_1_20' title='bbox 382 421 622 467; x_wconf 74' lang='lat' dir='ltr'>vconsilium</span> <span class='ocrx_word' id='word_1_21' title='bbox 649 420 834 463; x_wconf 86' lang='lat' dir='ltr'>distulit.</span> <span class='ocrx_word' id='word_1_22' title='bbox 900 422 971 464; x_wconf 89' lang='lat' dir='ltr'>Sic</span> <span class='ocrx_word' id='word_1_23' title='bbox 996 423 1106 464; x_wconf 89' lang='lat' dir='ltr'>enim</span> <span class='ocrx_word' id='word_1_24' title='bbox 1133 421 1311 468; x_wconf 87' lang='lat' dir='ltr'>Reiskio</span> <span class='ocrx_word' id='word_1_25' title='bbox 1339 428 1445 472; x_wconf 82' lang='lat' dir='ltr'><strong>VII.</strong></span> <span class='ocrx_word' id='word_1_26' title='bbox 1482 429 1584 470; x_wconf 87' lang='lat' dir='ltr'>Idus</span> <span class='ocrx_word' id='word_1_27' title='bbox 1613 430 1710 473; x_wconf 88' lang='lat' dir='ltr'>No-</span> 
     </span>
     <span class='ocr_line' id='line_1_5' title="bbox 392 490 1710 549; baseline 0.007 -14"><span class='ocrx_word' id='word_1_28' title='bbox 392 492 536 535; x_wconf 89' lang='lat' dir='ltr'>vemb.</span> <span class='ocrx_word' id='word_1_29' title='bbox 555 501 684 543; x_wconf 77' lang='lat'><strong><em>1755.</em></strong></span> <span class='ocrx_word' id='word_1_30' title='bbox 709 490 881 543; x_wconf 84' lang='lat' dir='ltr'>scripsit</span> <span class='ocrx_word' id='word_1_31' title='bbox 894 494 1211 548; x_wconf 79' lang='lat' dir='ltr'>Wesselingius</span> <span class='ocrx_word' id='word_1_32' title='bbox 1236 509 1281 549; x_wconf 89' lang='lat' dir='ltr'>p.</span> <span class='ocrx_word' id='word_1_33' title='bbox 1300 501 1409 542; x_wconf 79' lang='lat'>810:</span> <span class='ocrx_word' id='word_1_34' title='bbox 1436 500 1710 544; x_wconf 78' lang='lat' dir='ltr'>Ruhnkem‘us</span> 
     </span>
     <span class='ocr_line' id='line_1_6' title="bbox 392 560 1709 622; baseline 0.006 -16"><span class='ocrx_word' id='word_1_35' title='bbox 392 566 502 606; x_wconf 77' lang='lat' dir='ltr'>hisce</span> <span class='ocrx_word' id='word_1_36' title='bbox 522 561 665 605; x_wconf 80' lang='lat' dir='ltr'>diebus</span> <span class='ocrx_word' id='word_1_37' title='bbox 690 560 874 606; x_wconf 83' lang='lat' dir='ltr'>Parisiis</span> <span class='ocrx_word' id='word_1_38' title='bbox 901 563 1161 620; x_wconf 63' lang='lat' dir='ltr'>Lugdunum</span> <span class='ocrx_word' id='word_1_39' title='bbox 1189 574 1367 612; x_wconf 70' lang='lat' dir='ltr'>revertit</span> <span class='ocrx_word' id='word_1_40' title='bbox 1382 601 1396 622; x_wconf 86' lang='lat'><strong>‚</strong></span> <span class='ocrx_word' id='word_1_41' title='bbox 1429 580 1598 613; x_wconf 74' lang='lat' dir='ltr'>onustus</span> <span class='ocrx_word' id='word_1_42' title='bbox 1613 601 1628 622; x_wconf 81' lang='lat'>‚</span> <span class='ocrx_word' id='word_1_43' title='bbox 1661 583 1709 615; x_wconf 76' lang='lat' dir='ltr'>uc</span> 
     </span>
     <span class='ocr_line' id='line_1_7' title="bbox 391 636 1704 699; baseline 0.004 -19"><span class='ocrx_word' id='word_1_44' title='bbox 391 636 546 689; x_wconf 80' lang='lat' dir='ltr'>audio,</span> <span class='ocrx_word' id='word_1_45' title='bbox 590 636 728 678; x_wconf 70' lang='lat' dir='ltr'>nauita</span> <span class='ocrx_word' id='word_1_46' title='bbox 780 647 927 677; x_wconf 79' lang='lat' dir='ltr'>rerum</span> <span class='ocrx_word' id='word_1_47' title='bbox 965 636 1219 691; x_wconf 81' lang='lat' dir='ltr'>elegantium</span> <span class='ocrx_word' id='word_1_48' title='bbox 1265 649 1306 681; x_wconf 83' lang='lat' dir='ltr'>ct</span> <span class='ocrx_word' id='word_1_49' title='bbox 1349 640 1519 681; x_wconf 65' lang='lat' dir='ltr'>utilium</span> <span class='ocrx_word' id='word_1_50' title='bbox 1569 643 1704 699; x_wconf 78' lang='lat' dir='ltr'>copia.</span> 
     </span>
     <span class='ocr_line' id='line_1_8' title="bbox 392 707 1714 764; baseline 0.002 -14"><span class='ocrx_word' id='word_1_51' title='bbox 392 709 496 764; x_wconf 89' lang='lat' dir='ltr'>Quo</span> <span class='ocrx_word' id='word_1_52' title='bbox 521 708 740 762; x_wconf 88' lang='lat' dir='ltr'>pertinent</span> <span class='ocrx_word' id='word_1_53' title='bbox 765 720 885 760; x_wconf 69' lang='lat' dir='ltr'>quae⁴</span> <span class='ocrx_word' id='word_1_54' title='bbox 901 707 1082 762; x_wconf 80' lang='lat' dir='ltr'>legimus</span> <span class='ocrx_word' id='word_1_55' title='bbox 1116 707 1228 752; x_wconf 85' lang='lat' dir='ltr'>infra</span> <span class='ocrx_word' id='word_1_56' title='bbox 1253 723 1300 763; x_wconf 90' lang='lat' dir='ltr'>p.</span> <span class='ocrx_word' id='word_1_57' title='bbox 1328 710 1406 764; x_wconf 84' lang='lat'>67:</span> <span class='ocrx_word' id='word_1_58' title='bbox 1438 725 1596 753; x_wconf 80' lang='lat' dir='ltr'>annum</span> <span class='ocrx_word' id='word_1_59' title='bbox 1619 711 1714 753; x_wconf 79' lang='lat' dir='ltr'>Lu-</span> 
     </span>
     <span class='ocr_line' id='line_1_9' title="bbox 380 777 1711 834; baseline 0.002 -12"><span class='ocrx_word' id='word_1_60' title='bbox 380 782 523 822; x_wconf 77' lang='lat' dir='ltr'>·tetiae</span> <span class='ocrx_word' id='word_1_61' title='bbox 543 780 794 834; x_wconf 71' lang='lat' dir='ltr'>transegisse</span> <span class='ocrx_word' id='word_1_62' title='bbox 818 777 1118 820; x_wconf 75' lang='lat' dir='ltr'>Ruhnkenimn</span> <span class='ocrx_word' id='word_1_63' title='bbox 1135 808 1152 831; x_wconf 83' lang='lat'><strong>‚</strong></span> <span class='ocrx_word' id='word_1_64' title='bbox 1183 788 1223 821; x_wconf 77' lang='lat' dir='ltr'>et</span> <span class='ocrx_word' id='word_1_65' title='bbox 1249 779 1493 823; x_wconf 80' lang='lat' dir='ltr'>incredibile</span> <span class='ocrx_word' id='word_1_66' title='bbox 1513 780 1630 822; x_wconf 81' lang='lat' dir='ltr'>dictu</span> <span class='ocrx_word' id='word_1_67' title='bbox 1651 796 1711 825; x_wconf 85' lang='lat' dir='ltr'>es-</span> 
     </span>
     <span class='ocr_line' id='line_1_10' title="bbox 391 848 1708 908; baseline -0.001 -12"><span class='ocrx_word' id='word_1_68' title='bbox 391 868 464 906; x_wconf 80' lang='lat' dir='ltr'>se,</span> <span class='ocrx_word' id='word_1_69' title='bbox 494 861 592 908; x_wconf 76' lang='lat' dir='ltr'>quot</span> <span class='ocrx_word' id='word_1_70' title='bbox 621 852 711 892; x_wconf 82' lang='lat' dir='ltr'>tam</span> <span class='ocrx_word' id='word_1_71' title='bbox 735 848 852 891; x_wconf 74' lang='lat' dir='ltr'>brevi</span> <span class='ocrx_word' id='word_1_72' title='bbox 876 851 1011 905; x_wconf 78' lang='lat' dir='ltr'>spatio</span> <span class='ocrx_word' id='word_1_73' title='bbox 1034 849 1250 905; x_wconf 76' lang='lat' dir='ltr'><em>collegerit</em></span> <span class='ocrx_word' id='word_1_74' title='bbox 1272 848 1446 894; x_wconf 81' lang='lat' dir='ltr'>ineditos</span> <span class='ocrx_word' id='word_1_75' title='bbox 1471 849 1708 895; x_wconf 79' lang='lat' dir='ltr'><em>thesauros.</em></span> 
     </span>
     <span class='ocr_line' id='line_1_11' title="bbox 393 919 1712 976; baseline -0.002 -8"><span class='ocrx_word' id='word_1_76' title='bbox 393 925 464 968; x_wconf 85' lang='lat' dir='ltr'>De</span> <span class='ocrx_word' id='word_1_77' title='bbox 488 923 646 976; x_wconf 90' lang='lat' dir='ltr'>quibus</span> <span class='ocrx_word' id='word_1_78' title='bbox 671 919 884 965; x_wconf 79' lang='lat' dir='ltr'>thesauris</span> <span class='ocrx_word' id='word_1_79' title='bbox 903 947 919 971; x_wconf 87' lang='lat'>‚</span> <span class='ocrx_word' id='word_1_80' title='bbox 948 932 1061 962; x_wconf 87' lang='lat' dir='ltr'>nova</span> <span class='ocrx_word' id='word_1_81' title='bbox 1090 919 1317 963; x_wconf 89' lang='lat' dir='ltr'>identidem</span> <span class='ocrx_word' id='word_1_82' title='bbox 1345 921 1614 972; x_wconf 89' lang='lat' dir='ltr'>sequentium</span> <span class='ocrx_word' id='word_1_83' title='bbox 1637 935 1712 966; x_wconf 90' lang='lat' dir='ltr'>an-</span> 
     </span>
     <span class='ocr_line' id='line_1_12' title="bbox 393 990 1711 1045; baseline 0 -7"><span class='ocrx_word' id='word_1_84' title='bbox 393 1009 548 1040; x_wconf 87' lang='lat' dir='ltr'>norum</span> <span class='ocrx_word' id='word_1_85' title='bbox 581 995 826 1037; x_wconf 85' lang='lat' dir='ltr'>accessione</span> <span class='ocrx_word' id='word_1_86' title='bbox 871 990 1171 1045; x_wconf 81' lang='lat' dir='ltr'>locupletatis,</span> <span class='ocrx_word' id='word_1_87' title='bbox 1207 1003 1314 1043; x_wconf 88' lang='lat' dir='ltr'>quae</span> <span class='ocrx_word' id='word_1_88' title='bbox 1353 994 1501 1045; x_wconf 86' lang='lat' dir='ltr'>paucis</span> <span class='ocrx_word' id='word_1_89' title='bbox 1528 995 1711 1038; x_wconf 87' lang='lat' dir='ltr'>diximus</span> 
     </span>
     <span class='ocr_line' id='line_1_13' title="bbox 392 1063 1716 1119; baseline -0.002 -8"><span class='ocrx_word' id='word_1_90' title='bbox 392 1070 437 1111; x_wconf 86' lang='lat' dir='ltr'>in</span> <span class='ocrx_word' id='word_1_91' title='bbox 474 1067 656 1111; x_wconf 80' lang='lat' dir='ltr'>Praefat.</span> <span class='ocrx_word' id='word_1_92' title='bbox 698 1066 871 1119; x_wconf 87' lang='lat' dir='ltr'>Opusc.</span> <span class='ocrx_word' id='word_1_93' title='bbox 910 1063 1090 1106; x_wconf 82' lang='lat' dir='ltr'>Ruhnk.</span> <span class='ocrx_word' id='word_1_94' title='bbox 1128 1076 1174 1116; x_wconf 89' lang='lat' dir='ltr'>p.</span> <span class='ocrx_word' id='word_1_95' title='bbox 1200 1075 1280 1107; x_wconf 75' lang='lat' dir='ltr'>xvr</span> <span class='ocrx_word' id='word_1_96' title='bbox 1308 1076 1378 1115; x_wconf 88' lang='lat' dir='ltr'>sq.</span> <span class='ocrx_word' id='word_1_97' title='bbox 1421 1063 1507 1117; x_wconf 91' lang='lat' dir='ltr'>iis,</span> <span class='ocrx_word' id='word_1_98' title='bbox 1546 1064 1591 1107; x_wconf 88' lang='lat' dir='ltr'>ni</span> <span class='ocrx_word' id='word_1_99' title='bbox 1616 1067 1716 1108; x_wconf 88' lang='lat' dir='ltr'>lon-</span> 
     </span>
     <span class='ocr_line' id='line_1_14' title="bbox 389 1132 1712 1194; baseline 0.001 -16"><span class='ocrx_word' id='word_1_100' title='bbox 389 1153 493 1194; x_wconf 40' lang='lat' dir='ltr'>‘gum</span> <span class='ocrx_word' id='word_1_101' title='bbox 520 1138 665 1191; x_wconf 78' lang='lat' dir='ltr'>foret,</span> <span class='ocrx_word' id='word_1_102' title='bbox 698 1140 829 1179; x_wconf 87' lang='lat' dir='ltr'>multa</span> <span class='ocrx_word' id='word_1_103' title='bbox 852 1136 946 1178; x_wconf 77' lang='lat' dir='ltr'>addi</span> <span class='ocrx_word' id='word_1_104' title='bbox 973 1142 1168 1188; x_wconf 85' lang='lat' dir='ltr'>possent.</span> <span class='ocrx_word' id='word_1_105' title='bbox 1232 1132 1323 1175; x_wconf 89' lang='lat' dir='ltr'>Tot</span> <span class='ocrx_word' id='word_1_106' title='bbox 1349 1136 1459 1177; x_wconf 87' lang='lat' dir='ltr'>enim</span> <span class='ocrx_word' id='word_1_107' title='bbox 1486 1147 1712 1189; x_wconf 85' lang='lat' dir='ltr'>tantaeque</span> 
     </span>
     <span class='ocr_line' id='line_1_15' title="bbox 396 1203 1712 1259; baseline -0.002 -6"><span class='ocrx_word' id='word_1_108' title='bbox 396 1211 565 1253; x_wconf 85' lang='lat' dir='ltr'>illorum</span> <span class='ocrx_word' id='word_1_109' title='bbox 595 1220 693 1253; x_wconf 88' lang='lat' dir='ltr'>sunt</span> <span class='ocrx_word' id='word_1_110' title='bbox 718 1209 919 1259; x_wconf 86' lang='lat' dir='ltr'>divitiae,</span> <span class='ocrx_word' id='word_1_111' title='bbox 953 1206 997 1249; x_wconf 91' lang='lat' dir='ltr'>in</span> <span class='ocrx_word' id='word_1_112' title='bbox 1031 1203 1238 1247; x_wconf 84' lang='lat' dir='ltr'>Biblioth.</span> <span class='ocrx_word' id='word_1_113' title='bbox 1269 1215 1415 1247; x_wconf 86' lang='lat' dir='ltr'>nostra</span> <span class='ocrx_word' id='word_1_114' title='bbox 1453 1207 1623 1259; x_wconf 90' lang='lat' dir='ltr'>publica</span> <span class='ocrx_word' id='word_1_115' title='bbox 1648 1221 1712 1250; x_wconf 88' lang='lat' dir='ltr'>as-</span> 
     </span>
     <span class='ocr_line' id='line_1_16' title="bbox 394 1275 1713 1335; baseline -0.002 -10"><span class='ocrx_word' id='word_1_116' title='bbox 394 1292 586 1325; x_wconf 86' lang='lat' dir='ltr'>servatae</span> <span class='ocrx_word' id='word_1_117' title='bbox 603 1311 616 1333; x_wconf 78' lang='lat'><strong>,</strong></span> <span class='ocrx_word' id='word_1_118' title='bbox 637 1292 714 1335; x_wconf 83' lang='lat' dir='ltr'>ut,</span> <span class='ocrx_word' id='word_1_119' title='bbox 730 1277 1039 1335; x_wconf 87' lang='lat' dir='ltr'>quamprimum</span> <span class='ocrx_word' id='word_1_120' title='bbox 1067 1287 1134 1316; x_wconf 89' lang='lat' dir='ltr'>eas</span> <span class='ocrx_word' id='word_1_121' title='bbox 1161 1275 1298 1317; x_wconf 86' lang='lat' dir='ltr'>oculis</span> <span class='ocrx_word' id='word_1_122' title='bbox 1323 1278 1572 1321; x_wconf 85' lang='lat' dir='ltr'>lustraveris</span> <span class='ocrx_word' id='word_1_123' title='bbox 1591 1312 1606 1333; x_wconf 77' lang='lat'><strong>‚</strong></span> <span class='ocrx_word' id='word_1_124' title='bbox 1623 1280 1713 1323; x_wconf 88' lang='lat' dir='ltr'>fere</span> 
     </span>
     <span class='ocr_line' id='line_1_17' title="bbox 388 1346 1712 1407; baseline -0.001 -11"><span class='ocrx_word' id='word_1_125' title='bbox 388 1352 726 1407; x_wconf 81' lang='lat' dir='ltr'>obstupefactus</span> <span class='ocrx_word' id='word_1_126' title='bbox 762 1354 952 1396; x_wconf 82' lang='lat' dir='ltr'>haereas.</span> <span class='ocrx_word' id='word_1_127' title='bbox 1013 1346 1152 1401; x_wconf 87' lang='lat' dir='ltr'>Quam</span> <span class='ocrx_word' id='word_1_128' title='bbox 1189 1354 1325 1386; x_wconf 87' lang='lat' dir='ltr'>autem</span> <span class='ocrx_word' id='word_1_129' title='bbox 1363 1347 1466 1390; x_wconf 86' lang='lat' dir='ltr'>mira</span> <span class='ocrx_word' id='word_1_130' title='bbox 1502 1350 1712 1396; x_wconf 88' lang='lat' dir='ltr'>Ruhnke-</span> 
     </span>
     <span class='ocr_line' id='line_1_18' title="bbox 398 1413 1715 1477; baseline -0.002 -12"><span class='ocrx_word' id='word_1_131' title='bbox 398 1424 517 1468; x_wconf 89' lang='lat' dir='ltr'>nium</span> <span class='ocrx_word' id='word_1_132' title='bbox 545 1424 702 1465; x_wconf 92' lang='lat' dir='ltr'>dudum</span> <span class='ocrx_word' id='word_1_133' title='bbox 730 1424 915 1475; x_wconf 87' lang='lat' dir='ltr'>cepisset</span> <span class='ocrx_word' id='word_1_134' title='bbox 952 1413 1249 1470; x_wconf 84' lang='lat' dir='ltr'>peregrinandi</span> <span class='ocrx_word' id='word_1_135' title='bbox 1274 1415 1517 1475; x_wconf 84' lang='lat' dir='ltr'>cupiditas,</span> <span class='ocrx_word' id='word_1_136' title='bbox 1548 1435 1715 1477; x_wconf 79' lang='lat' dir='ltr'>praeter</span> 
     </span>
     <span class='ocr_line' id='line_1_19' title="bbox 388 1487 1713 1546; baseline -0.002 -8"><span class='ocrx_word' id='word_1_137' title='bbox 388 1496 476 1538; x_wconf 81' lang='lat' dir='ltr'>alia</span> <span class='ocrx_word' id='word_1_138' title='bbox 493 1525 508 1546; x_wconf 84' lang='lat'>‚</span> <span class='ocrx_word' id='word_1_139' title='bbox 557 1492 715 1536; x_wconf 89' lang='lat' dir='ltr'>indicio</span> <span class='ocrx_word' id='word_1_140' title='bbox 761 1501 893 1542; x_wconf 87' lang='lat' dir='ltr'>sunt,</span> <span class='ocrx_word' id='word_1_141' title='bbox 941 1500 1044 1541; x_wconf 87' lang='lat' dir='ltr'>quae</span> <span class='ocrx_word' id='word_1_142' title='bbox 1090 1499 1130 1528; x_wconf 87' lang='lat' dir='ltr'>a.</span> <span class='ocrx_word' id='word_1_143' title='bbox 1169 1498 1276 1539; x_wconf 75' lang='lat'>1747</span> <span class='ocrx_word' id='word_1_144' title='bbox 1328 1487 1503 1540; x_wconf 86' lang='lat' dir='ltr'>scripsit</span> <span class='ocrx_word' id='word_1_145' title='bbox 1543 1493 1713 1539; x_wconf 81' lang='lat' dir='ltr'>Rittero</span> 
     </span>
     <span class='ocr_line' id='line_1_20' title="bbox 398 1557 1718 1619; baseline 0.004 -15"><span class='ocrx_word' id='word_1_146' title='bbox 398 1579 447 1619; x_wconf 79' lang='lat' dir='ltr'>p.</span> <span class='ocrx_word' id='word_1_147' title='bbox 472 1575 582 1618; x_wconf 82' lang='lat'>772:</span> <span class='ocrx_word' id='word_1_148' title='bbox 602 1559 793 1616; x_wconf 74' lang='lat' dir='ltr'>fortasse</span> <span class='ocrx_word' id='word_1_149' title='bbox 827 1559 945 1601; x_wconf 77' lang='lat' dir='ltr'>brevi</span> <span class='ocrx_word' id='word_1_150' title='bbox 974 1557 1219 1603; x_wconf 74' lang='lat' dir='ltr'>D’Orvillii</span> <span class='ocrx_word' id='word_1_151' title='bbox 1254 1559 1456 1603; x_wconf 76' lang='lat' dir='ltr'>sumtibus</span> <span class='ocrx_word' id='word_1_152' title='bbox 1476 1564 1564 1606; x_wconf 81' lang='lat' dir='ltr'>iter</span> <span class='ocrx_word' id='word_1_153' title='bbox 1589 1569 1718 1608; x_wconf 81' lang='lat' dir='ltr'>susci·</span> 
     </span>
    </p>
   </div>
   <div class='ocr_carea' id='block_1_3' title="bbox 393 1626 1717 2619">
    <p class='ocr_par' dir='ltr' id='par_1_3' title="bbox 393 1626 1716 2119">
     <span class='ocr_line' id='line_1_21' title="bbox 393 1626 1713 1694; baseline -0.004 -16"><span class='ocrx_word' id='word_1_154' title='bbox 393 1640 512 1694; x_wconf 84' lang='lat' dir='ltr'>piam</span> <span class='ocrx_word' id='word_1_155' title='bbox 543 1637 590 1676; x_wconf 83' lang='lat' dir='ltr'>in</span> <span class='ocrx_word' id='word_1_156' title='bbox 614 1642 783 1676; x_wconf 82' lang='lat' dir='ltr'>exteras</span> <span class='ocrx_word' id='word_1_157' title='bbox 805 1634 991 1688; x_wconf 72' lang='lat' dir='ltr'>regiones</span> <span class='ocrx_word' id='word_1_158' title='bbox 1008 1662 1022 1682; x_wconf 83' lang='lat'><strong>,</strong></span> <span class='ocrx_word' id='word_1_159' title='bbox 1054 1628 1150 1671; x_wconf 75' lang='lat' dir='ltr'>inde</span> <span class='ocrx_word' id='word_1_160' title='bbox 1185 1626 1313 1673; x_wconf 80' lang='lat' dir='ltr'><em>Codd.</em></span> <span class='ocrx_word' id='word_1_161' title='bbox 1337 1629 1471 1674; x_wconf 87' lang='lat' dir='ltr'><em>MSS.</em></span> <span class='ocrx_word' id='word_1_162' title='bbox 1507 1642 1548 1674; x_wconf 81' lang='lat' dir='ltr'>et</span> <span class='ocrx_word' id='word_1_163' title='bbox 1576 1638 1713 1678; x_wconf 77' lang='lat' dir='ltr'>variis</span> 
     </span>
     <span class='ocr_line' id='line_1_22' title="bbox 399 1699 1716 1755; baseline -0.005 -5"><span class='ocrx_word' id='word_1_164' title='bbox 399 1706 638 1751; x_wconf 75' lang='lat' dir='ltr'>lectionibus</span> <span class='ocrx_word' id='word_1_165' title='bbox 673 1717 840 1747; x_wconf 80' lang='lat' dir='ltr'>onustus</span> <span class='ocrx_word' id='word_1_166' title='bbox 872 1702 1106 1745; x_wconf 77' lang='lat' dir='ltr'>rediturus.</span> <span class='ocrx_word' id='word_1_167' title='bbox 1168 1699 1301 1755; x_wconf 89' lang='lat' dir='ltr'>Quod</span> <span class='ocrx_word' id='word_1_168' title='bbox 1336 1699 1583 1746; x_wconf 87' lang='lat' dir='ltr'>Ruhnkenii</span> <span class='ocrx_word' id='word_1_169' title='bbox 1614 1706 1716 1749; x_wconf 84' lang='lat' dir='ltr'>ado-</span> 
     </span>
     <span class='ocr_line' id='line_1_23' title="bbox 399 1772 1714 1829; baseline -0.008 -6"><span class='ocrx_word' id='word_1_170' title='bbox 399 1779 599 1823; x_wconf 88' lang='lat' dir='ltr'>lescentis</span> <span class='ocrx_word' id='word_1_171' title='bbox 642 1775 868 1822; x_wconf 88' lang='lat' dir='ltr'>consilium</span> <span class='ocrx_word' id='word_1_172' title='bbox 892 1805 907 1829; x_wconf 94' lang='lat'>‚</span> <span class='ocrx_word' id='word_1_173' title='bbox 950 1772 1117 1818; x_wconf 89' lang='lat' dir='ltr'>tametsi</span> <span class='ocrx_word' id='word_1_174' title='bbox 1155 1781 1261 1815; x_wconf 92' lang='lat' dir='ltr'>tunc</span> <span class='ocrx_word' id='word_1_175' title='bbox 1299 1774 1504 1826; x_wconf 86' lang='lat' dir='ltr'>temporis</span> <span class='ocrx_word' id='word_1_176' title='bbox 1542 1776 1714 1829; x_wconf 82' lang='lat' dir='ltr'>quidem</span> 
     </span>
     <span class='ocr_line' id='line_1_24' title="bbox 398 1846 1716 1903; baseline -0.004 -8"><span class='ocrx_word' id='word_1_177' title='bbox 398 1851 590 1895; x_wconf 86' lang='lat' dir='ltr'>nondum</span> <span class='ocrx_word' id='word_1_178' title='bbox 622 1848 674 1890; x_wconf 89' lang='lat' dir='ltr'>ad</span> <span class='ocrx_word' id='word_1_179' title='bbox 709 1848 990 1892; x_wconf 88' lang='lat' dir='ltr'>maturitatem</span> <span class='ocrx_word' id='word_1_180' title='bbox 1025 1846 1278 1903; x_wconf 89' lang='lat' dir='ltr'>perductum</span> <span class='ocrx_word' id='word_1_181' title='bbox 1305 1873 1322 1896; x_wconf 87' lang='lat'>‚</span> <span class='ocrx_word' id='word_1_182' title='bbox 1371 1854 1634 1900; x_wconf 89' lang='lat' dir='ltr'>quantopere</span> <span class='ocrx_word' id='word_1_183' title='bbox 1670 1847 1716 1891; x_wconf 89' lang='lat' dir='ltr'>in</span> 
     </span>
     <span class='ocr_line' id='line_1_25' title="bbox 401 1914 1716 1975; baseline -0.004 -11"><span class='ocrx_word' id='word_1_184' title='bbox 401 1924 642 1975; x_wconf 86' lang='lat' dir='ltr'>exemplum</span> <span class='ocrx_word' id='word_1_185' title='bbox 675 1920 1002 1975; x_wconf 89' lang='lat' dir='ltr'>proponendum</span> <span class='ocrx_word' id='word_1_186' title='bbox 1039 1917 1096 1961; x_wconf 88' lang='lat' dir='ltr'>sit</span> <span class='ocrx_word' id='word_1_187' title='bbox 1134 1914 1312 1969; x_wconf 86' lang='lat' dir='ltr'>reliquis</span> <span class='ocrx_word' id='word_1_188' title='bbox 1344 1915 1544 1958; x_wconf 88' lang='lat' dir='ltr'>omnibus</span> <span class='ocrx_word' id='word_1_189' title='bbox 1571 1917 1716 1959; x_wconf 88' lang='lat' dir='ltr'>adole·</span> 
     </span>
     <span class='ocr_line' id='line_1_26' title="bbox 402 1985 1715 2044; baseline -0.008 -8"><span class='ocrx_word' id='word_1_190' title='bbox 402 1993 655 2044; x_wconf 82' lang='lat' dir='ltr'>scentibus‚</span> <span class='ocrx_word' id='word_1_191' title='bbox 689 1993 894 2035; x_wconf 90' lang='lat' dir='ltr'>bonarum</span> <span class='ocrx_word' id='word_1_192' title='bbox 923 1989 1163 2032; x_wconf 89' lang='lat' dir='ltr'>Literarum</span> <span class='ocrx_word' id='word_1_193' title='bbox 1198 1985 1402 2029; x_wconf 90' lang='lat' dir='ltr'>studiosis</span> <span class='ocrx_word' id='word_1_194' title='bbox 1447 1997 1490 2028; x_wconf 89' lang='lat' dir='ltr'>et</span> <span class='ocrx_word' id='word_1_195' title='bbox 1526 1990 1715 2044; x_wconf 86' lang='lat' dir='ltr'>peregri.</span> 
     </span>
     <span class='ocr_line' id='line_1_27' title="bbox 405 2064 1539 2119; baseline -0.007 -9"><span class='ocrx_word' id='word_1_196' title='bbox 405 2066 496 2110; x_wconf 88' lang='lat' dir='ltr'>nari</span> <span class='ocrx_word' id='word_1_197' title='bbox 521 2064 794 2119; x_wconf 88' lang='lat' dir='ltr'>cupientibus</span> <span class='ocrx_word' id='word_1_198' title='bbox 814 2096 830 2118; x_wconf 85' lang='lat'><strong>‚</strong></span> <span class='ocrx_word' id='word_1_199' title='bbox 862 2075 950 2107; x_wconf 88' lang='lat' dir='ltr'>non</span> <span class='ocrx_word' id='word_1_200' title='bbox 975 2072 1084 2113; x_wconf 89' lang='lat' dir='ltr'>opus</span> <span class='ocrx_word' id='word_1_201' title='bbox 1111 2068 1176 2101; x_wconf 90' lang='lat' dir='ltr'>est</span> <span class='ocrx_word' id='word_1_202' title='bbox 1202 2069 1250 2100; x_wconf 91' lang='lat' dir='ltr'>ut</span> <span class='ocrx_word' id='word_1_203' title='bbox 1277 2071 1539 2102; x_wconf 89' lang='lat' dir='ltr'>moneamus.</span> 
     </span>
    </p>

    <p class='ocr_par' dir='ltr' id='par_1_4' title="bbox 404 2130 1717 2619">
     <span class='ocr_line' id='line_1_28' title="bbox 463 2130 1717 2188; baseline -0.009 -8"><span class='ocrx_word' id='word_1_204' title='bbox 463 2137 578 2181; x_wconf 84' lang='lat' dir='ltr'>lbid.</span> <span class='ocrx_word' id='word_1_205' title='bbox 639 2137 787 2178; x_wconf 78' lang='lat' dir='ltr'>Sancti</span> <span class='ocrx_word' id='word_1_206' title='bbox 820 2133 1026 2178; x_wconf 80' lang='lat' dir='ltr'>Germani</span> <span class='ocrx_word' id='word_1_207' title='bbox 1060 2133 1107 2172; x_wconf 75' lang='lat' dir='ltr'>in</span> <span class='ocrx_word' id='word_1_208' title='bbox 1139 2130 1320 2185; x_wconf 85' lang='lat' dir='ltr'>Pratis]</span> <span class='ocrx_word' id='word_1_209' title='bbox 1381 2132 1521 2188; x_wconf 86' lang='lat' dir='ltr'>Cujus</span> <span class='ocrx_word' id='word_1_210' title='bbox 1553 2132 1717 2177; x_wconf 83' lang='lat' dir='ltr'>Biblio.</span> 
     </span>
     <span class='ocr_line' id='line_1_29' title="bbox 405 2202 1711 2256; baseline -0.007 0"><span class='ocrx_word' id='word_1_211' title='bbox 405 2213 554 2256; x_wconf 83' lang='lat' dir='ltr'>thecae</span> <span class='ocrx_word' id='word_1_212' title='bbox 581 2209 780 2254; x_wconf 88' lang='lat' dir='ltr'>incendio</span> <span class='ocrx_word' id='word_1_213' title='bbox 818 2215 1002 2249; x_wconf 87' lang='lat' dir='ltr'>vastatae</span> <span class='ocrx_word' id='word_1_214' title='bbox 1043 2202 1282 2255; x_wconf 76' lang='lat' dir='ltr'>calamitas,</span> <span class='ocrx_word' id='word_1_215' title='bbox 1316 2215 1439 2254; x_wconf 88' lang='lat' dir='ltr'>quam</span> <span class='ocrx_word' id='word_1_216' title='bbox 1476 2202 1521 2246; x_wconf 89' lang='lat' dir='ltr'>in</span> <span class='ocrx_word' id='word_1_217' title='bbox 1561 2214 1711 2247; x_wconf 88' lang='lat' dir='ltr'>annot.</span> 
     </span>
     <span class='ocr_line' id='line_1_30' title="bbox 405 2272 1710 2335; baseline -0.011 -7"><span class='ocrx_word' id='word_1_218' title='bbox 405 2283 648 2328; x_wconf 87' lang='lat' dir='ltr'>dubitanter</span> <span class='ocrx_word' id='word_1_219' title='bbox 695 2277 954 2335; x_wconf 83' lang='lat' dir='ltr'>significavit</span> <span class='ocrx_word' id='word_1_220' title='bbox 1007 2272 1370 2328; x_wconf 81' lang='lat' dir='ltr'>wyttenbachius</span> <span class='ocrx_word' id='word_1_221' title='bbox 1399 2304 1414 2326; x_wconf 88' lang='lat'>.‚</span> <span class='ocrx_word' id='word_1_222' title='bbox 1473 2275 1625 2319; x_wconf 90' lang='lat' dir='ltr'>accidit</span> <span class='ocrx_word' id='word_1_223' title='bbox 1669 2289 1710 2320; x_wconf 81' lang='lat' dir='ltr'>a.</span> 
     </span>
     <span class='ocr_line' id='line_1_31' title="bbox 410 2345 1715 2414; baseline -0.009 -11"><span class='ocrx_word' id='word_1_224' title='bbox 410 2371 538 2414; x_wconf 86' lang='lat'>1794.</span> <span class='ocrx_word' id='word_1_225' title='bbox 598 2352 824 2398; x_wconf 85' lang='lat' dir='ltr'>Absumtis</span> <span class='ocrx_word' id='word_1_226' title='bbox 848 2352 897 2393; x_wconf 75' lang='lat' dir='ltr'>ea</span> <span class='ocrx_word' id='word_1_227' title='bbox 915 2357 1108 2401; x_wconf 64' lang='lat' dir='ltr'>“magnam</span> <span class='ocrx_word' id='word_1_228' title='bbox 1133 2356 1291 2400; x_wconf 87' lang='lat' dir='ltr'>partem</span> <span class='ocrx_word' id='word_1_229' title='bbox 1310 2345 1430 2389; x_wconf 89' lang='lat' dir='ltr'>libris</span> <span class='ocrx_word' id='word_1_230' title='bbox 1450 2347 1602 2402; x_wconf 89' lang='lat' dir='ltr'>editis,</span> <span class='ocrx_word' id='word_1_231' title='bbox 1633 2350 1715 2391; x_wconf 90' lang='lat' dir='ltr'>sal-</span> 
     </span>
     <span class='ocr_line' id='line_1_32' title="bbox 404 2417 1711 2473; baseline -0.009 -1"><span class='ocrx_word' id='word_1_232' title='bbox 404 2430 449 2472; x_wconf 88' lang='lat' dir='ltr'>vi</span> <span class='ocrx_word' id='word_1_233' title='bbox 485 2436 710 2471; x_wconf 86' lang='lat' dir='ltr'>evaserunt</span> <span class='ocrx_word' id='word_1_234' title='bbox 741 2423 925 2469; x_wconf 90' lang='lat' dir='ltr'>Codices</span> <span class='ocrx_word' id='word_1_235' title='bbox 960 2420 1112 2473; x_wconf 86' lang='lat' dir='ltr'>MSti‚</span> <span class='ocrx_word' id='word_1_236' title='bbox 1144 2419 1244 2462; x_wconf 90' lang='lat' dir='ltr'>alibi</span> <span class='ocrx_word' id='word_1_237' title='bbox 1281 2417 1394 2461; x_wconf 86' lang='lat' dir='ltr'>forte</span> <span class='ocrx_word' id='word_1_238' title='bbox 1427 2417 1631 2472; x_wconf 89' lang='lat' dir='ltr'>repositi,</span> <span class='ocrx_word' id='word_1_239' title='bbox 1663 2431 1711 2461; x_wconf 88' lang='lat' dir='ltr'>ac</span> 
     </span>
     <span class='ocr_line' id='line_1_33' title="bbox 407 2490 1712 2546; baseline -0.005 -5"><span class='ocrx_word' id='word_1_240' title='bbox 407 2500 559 2542; x_wconf 88' lang='lat' dir='ltr'>deinde</span> <span class='ocrx_word' id='word_1_241' title='bbox 586 2511 682 2541; x_wconf 88' lang='lat' dir='ltr'>cum</span> <span class='ocrx_word' id='word_1_242' title='bbox 709 2497 879 2539; x_wconf 81' lang='lat' dir='ltr'>illorum</span> <span class='ocrx_word' id='word_1_243' title='bbox 904 2491 1098 2546; x_wconf 79' lang='lat' dir='ltr'>reliquiis</span> <span class='ocrx_word' id='word_1_244' title='bbox 1136 2492 1180 2536; x_wconf 90' lang='lat' dir='ltr'>in</span> <span class='ocrx_word' id='word_1_245' title='bbox 1205 2490 1512 2533; x_wconf 88' lang='lat' dir='ltr'>Bibliothecam</span> <span class='ocrx_word' id='word_1_246' title='bbox 1535 2490 1712 2544; x_wconf 83' lang='lat' dir='ltr'>Regiam</span> 
     </span>
     <span class='ocr_line' id='line_1_34' title="bbox 407 2562 1679 2619; baseline -0.006 -5"><span class='ocrx_word' id='word_1_247' title='bbox 407 2569 620 2614; x_wconf 83' lang='lat' dir='ltr'>translati:</span> <span class='ocrx_word' id='word_1_248' title='bbox 652 2577 762 2612; x_wconf 90' lang='lat' dir='ltr'>teste</span> <span class='ocrx_word' id='word_1_249' title='bbox 795 2567 847 2609; x_wconf 83' lang='lat' dir='ltr'>ad</span> <span class='ocrx_word' id='word_1_250' title='bbox 873 2567 917 2610; x_wconf 86' lang='lat' dir='ltr'>h.</span> <span class='ocrx_word' id='word_1_251' title='bbox 943 2568 974 2610; x_wconf 89' lang='grc'>1.</span> <span class='ocrx_word' id='word_1_252' title='bbox 999 2565 1161 2610; x_wconf 88' lang='lat' dir='ltr'>Eberto</span> <span class='ocrx_word' id='word_1_253' title='bbox 1188 2563 1301 2619; x_wconf 86' lang='lat' dir='ltr'>apud</span> <span class='ocrx_word' id='word_1_254' title='bbox 1326 2562 1679 2607; x_wconf 86' lang='lat' dir='ltr'>Lindemannum.</span> 
     </span>
    </p>
   </div>
  </div>
 </body>
</html>
