1879 3160
333 212 419 255 394
613 187 1216 239 ANNOTATIO
1273 205 1351 237 AD

332 331 459 374 taque
488 317 762 359 videbuntur.
822 311 920 355 Nos
939 310 1098 365 igitur,
1131 308 1553 360 Hemsterhusiorum
1581 318 1637 361 si-

336 392 585 439 miliumque
611 386 801 427 virorum
829 383 1023 435 exemplo
1041 413 1056 436 ‚
1090 391 1138 424 ut
1159 382 1265 436 ipsis
1295 385 1465 428 illorum
1490 389 1632 430 verbis

335 460 433 502 huic
468 455 747 509 disputationi
792 455 891 498 finis
936 454 1211 508 imponatur,
1257 470 1326 500 nos
1362 459 1532 513 igitur,
1573 458 1638 501 in-

337 539 459 580 quam
477 555 493 578 ,
534 525 718 568 omnibus
761 526 890 569 modis
919 526 1017 569 benc
1049 540 1078 568 a
1110 526 1336 582 majoribus
1370 533 1640 571 constitutam

294 620 298 623 =
332 601 537 640 rationem
563 628 577 649 ‚
623 611 708 652 qua
747 600 968 654 utriusque
1000 597 1170 654 linguae
1198 597 1383 641 studium
1414 598 1645 654 conjunga-

333 679 410 710 tor
427 698 441 720 ,
483 678 712 721 tueamur,
759 668 812 711 ab
854 683 984 725 eaque
1014 683 1094 713 non
1127 671 1250 713 semel
1290 669 1490 713 descitum
1528 684 1642 724 esse,

334 740 596 782 vehementer
647 737 856 793 dolentes,
894 754 948 784 ne
983 750 1027 783 et
1067 740 1153 795 ipsi
1193 741 1453 795 aliquandO,
1495 753 1643 786 nostra

335 809 519 852 sortasse
564 813 717 865 culpa,
750 811 802 854 ab
841 813 984 855 eodem
1023 812 1336 866 desciscamus,
1380 813 1522 867 quoad
1549 815 1640 869 ejus

334 874 432 922 fieri
456 891 628 937 potest,
661 882 698 926 si
723 896 872 938 sapere
909 884 1120 939 velimus,
1151 897 1374 928 caveamus
1406 896 1454 927 ac
1478 883 1652 939 prospi-

330 962 510 995 mamus.

397 1021 449 1065 P.
483 1035 554 1077 33.
613 1023 684 1067 Nc
718 1024 904 1069 studium
941 1026 1005 1070 ad
1039 1027 1138 1070 solos
1187 1026 1337 1068 poetas
1380 1025 1649 1070 adhaeresce-

336 1101 404 1132 rct
420 1122 434 1143 ‚
474 1106 572 1136 neve
610 1115 668 1127 —
695 1094 757 1136 ad
782 1106 934 1151 prosae
975 1101 1176 1141 orationis
1207 1099 1438 1153 Scriptores
1472 1099 1647 1142 traduci

338 1165 560 1220 nequiret,
590 1165 704 1222 cet.]
764 1168 833 1209 De
866 1170 1161 1224 conjungenda
1192 1170 1448 1223 utriusque,
1485 1182 1568 1213 tam
1594 1171 1648 1214 li-

341 1248 490 1290 gatae,
524 1249 647 1290 quam
687 1239 885 1293 solutae,
932 1240 1137 1282 orationis
1174 1239 1430 1293 scriptorum
1467 1240 1648 1284 lectione

340 1307 450 1351 dixit
487 1308 851 1363 XVyttcnbachius
887 1309 930 1353 in
968 1310 1108 1354 Praef.
1142 1313 1194 1355 ad
1220 1313 1310 1356 Sel.
1345 1312 1490 1356 Princ.
1528 1312 1648 1357 Hist.

341 1380 440 1421 loco
464 1382 590 1437 allato
613 1381 658 1425 in
681 1381 776 1424 Vit.
807 1381 1040 1435 VVyttenb.
1071 1396 1116 1436 p.
1144 1385 1243 1436 136.

399 1449 451 1494 P.
482 1453 553 1505 36.
599 1450 772 1495 Nodum
789 1454 837 1494 in
857 1455 990 1510 scirpo
1010 1454 1261 1509 quaereret]
1294 1453 1336 1495 id
1349 1464 1441 1508 est,
1471 1455 1651 1497 difficul-

341 1530 467 1563 tatem
496 1533 746 1576 quaereret,
771 1522 846 1565 ubi
869 1525 987 1566 nulla
1014 1533 1145 1566 esset.
1177 1524 1347 1582 Scirpus
1375 1536 1439 1568 est
1459 1527 1649 1581 juncus,

349 1592 421 1646 qui
444 1595 587 1637 nullos
612 1596 749 1639 nodos
775 1597 927 1639 habet:
973 1596 1080 1639 Vid.
1107 1595 1261 1638 Festus
1303 1595 1347 1637 in
1376 1609 1503 1639 voce.
1563 1596 1652 1639 Ha-

345 1665 450 1706 bent
475 1664 744 1717 proverbium
771 1667 940 1711 Ennius
965 1680 1012 1722 p.
1042 1667 1138 1721 136.
1169 1665 1237 1709 ed.
1263 1664 1434 1708 Hessel.
1477 1666 1656 1709 Plautus

345 1733 622 1779 Menaechm.
662 1737 735 1789 ΙΙ,
771 1750 826 1791 1,
858 1750 929 1783 21.
1002 1735 1182 1781 Terent.
1219 1739 1354 1781 Andr.
1393 1737 1460 1789 V,
1489 1750 1552 1792 4,
1586 1741 1657 1793 38.

347 1806 424 1847 ubi
463 1806 750 1852 Ruhnkenius
789 1808 930 1852 obiter
968 1807 1159 1852 monuit:
1191 1808 1444 1853 Lindeman.
1474 1809 1526 1851 ad
1551 1808 1598 1852 h.
1624 1810 1658 1853 1.

345 1877 551 1920 Erasmus
574 1879 712 1934 Adag.
742 1894 791 1935 p.
824 1883 924 1934 158.
1367 1934 1370 1940 Ι

408 1951 458 1992 Ρ.
492 1964 565 2004 37.
626 1950 686 1993 Ut
712 1954 758 1993 in
781 1948 1000 2009 proverbio
1039 1960 1132 2003 est,
1165 1950 1282 1992 canis
1314 1949 1335 1988 ὲ
1360 1948 1465 1990 Nilo
1492 1945 1656 2003 bibit]

355 2021 398 2063 id
428 2032 522 2073 cst,
555 2021 693 2063 obiter
726 2033 887 2065 tanturn
929 2021 1101 2075 attigit,
1133 2031 1181 2063 ut
1202 2021 1342 2062 solent
1363 2031 1486 2061 canes
1510 2019 1552 2062 in
1573 2019 1665 2061 Ae·

358 2104 490 2148 gypto
518 2094 672 2136 cursim
707 2107 752 2136 ac
784 2104 1099 2148 praetereuntes
1129 2093 1180 2134 de
1215 2090 1309 2133 Nili
1346 2090 1470 2141 aquis
1503 2090 1664 2132 lambe·

356 2179 399 2206 re
415 2196 431 2218 ‚
463 2175 577 2208 metu
596 2167 936 2223 crocodilorum,
969 2165 1151 2208 testibus
1169 2163 1348 2207 Aeliano
1373 2161 1493 2205 Hist.
1514 2161 1663 2206 Anim.

357 2236 451 2288 VI,
485 2250 558 2292 53.
600 2238 706 2281 Var.
745 2238 864 2280 Hist.
901 2236 952 2288 I,
983 2249 1030 2291 4.
1085 2234 1222 2279 Plinio
1258 2232 1373 2275 Hist.
1406 2231 1513 2275 Nat.
1539 2231 1666 2277 VIII.

360 2323 436 2360 40.
491 2309 567 2354 Cf.
596 2309 810 2354 Phaedrus
840 2307 945 2351 Fah.
976 2310 1024 2360 Ι,
1064 2321 1137 2362 25.
1181 2305 1468 2360 Macrobius,
1493 2304 1668 2347 Saturn.

357 2381 415 2424 ΙΙ.
449 2394 492 2424 2.
556 2382 761 2424 Erasmus
805 2380 944 2435 Adag.
982 2372 1136 2435 p.239
1171 2389 1213 2421 et
1251 2380 1350 2433 364.
1411 2380 1669 2430 Interpretes

359 2453 409 2495 ad
435 2452 676 2507 Scriptores
699 2455 909 2497 laudatos.

417 2524 468 2566 P.
505 2539 575 2580 39.
637 2524 846 2566 Gesneros
872 2534 912 2566 et
940 2524 1148 2565 Ernestus
1167 2523 1359 2576 antiquos
1384 2520 1671 2574 scriptores-

361 2593 524 2636 assidat
549 2595 765 2650 legebant:
793 2594 866 2639 scd
886 2607 1049 2655 parum
1089 2592 1379 2646 annotabam,
1407 2588 1526 2644 sortc
1557 2586 1669 2628 alia·

1579 2669 1675 2700 runt
