1879 3160
386 284 476 337 370
666 264 1264 318 ΑΝΝΟΤΛΤῙΟ
1320 290 1402 322 ΑΒ

391 408 552 457 partem
574 404 836 438 summorum
861 393 1053 438 virorum
1082 396 1272 450 scholis,
1304 396 1387 440 sibi
1418 397 1510 452 ipse
1532 409 1693 445 consu.

399 473 520 519 lens,
553 463 777 507 tribueret.
833 465 997 520 Igitur,
1029 477 1077 509 ut
1113 478 1233 511 antea
1267 468 1571 523 XVitebergae,
1603 484 1699 525 par-

396 539 476 583 tim
510 536 779 589 Literarurn,
819 537 973 590 partim
1001 537 1366 594 jurisprudentiae
1396 540 1623 595 studioso,
1653 544 1699 586 in

399 613 495 668 iure
514 608 635 653 civili
661 607 698 649 ei
723 607 808 649 dux
828 616 877 671 et·
905 617 1054 650 auctor
1079 610 1235 665 obtigit
1269 611 1392 656 Gerl.
1418 613 1698 667 Scheltinga3

396 681 444 725 in
464 678 642 722 historia
665 687 707 720 et
737 677 987 731 antiquitate
1020 678 1210 724 Romana
1233 682 1306 724 Fr.
1334 680 1700 739 Oudendorpius3

400 752 446 797 in
472 750 652 796 Graecis
689 749 856 802 literis,
901 762 1005 802 quas
1037 751 1209 794 delicias
1246 765 1344 795 suas
1373 755 1586 808 vocabat,
1626 757 1701 810 J0.-

402 821 627 866 Albertius
643 851 660 874 ,
682 820 727 864 in
750 820 985 874 primisque
1002 820 1354 866 Hemsterhusius
1368 854 1384 876 ,
1406 838 1530 876 quem
1556 825 1706 878 quanti

401 891 552 936 fecerit
575 891 704 933 modo
725 890 925 933 vidimus«
985 889 1194 934 Triennio
1225 904 1361 945 prope
1376 895 1437 934 sic
1460 904 1706 946 transacto,

401 961 768 1006 Amstelodamum
809 959 1003 1013 migravit
1026 992 1041 1012 ,
1096 963 1142 1005 in
1196 964 1529 1007 contubernium
1569 965 1615 1021 J.
1653 966 1709 1008 P.

403 1032 666 1086 D'Orvillii,
697 1032 758 1074 V.
788 1034 862 1076 C1.
878 1061 894 1084 ,
921 1031 978 1074 ita
1000 1041 1139 1075 tamen
1163 1043 1213 1075 ut
1235 1033 1324 1076 fere
1349 1037 1527 1091 singulis
1551 1037 1715 1079 hebdo-

407 1105 600 1148 madibus
621 1105 880 1158 Lugdunum
915 1113 1180 1147 excurreret:
1217 1119 1303 1158 quo
1334 1120 1427 1149 eum
1453 1122 1540 1152 non
1571 1111 1712 1152 solum

408 1179 483 1220 lux
510 1176 790 1229 Academiae,
821 1175 865 1217 in
899 1173 1048 1227 primis
1082 1184 1220 1216 autem
1256 1175 1601 1232 Hemsterhusii,
1641 1180 1717 1222 sed

411 1248 682 1292 Bibliotheca
730 1245 851 1288 etiarn
889 1244 1097 1298 publica,
1139 1247 1326 1299 antiquis
1360 1249 1612 1292 membranis
1650 1262 1718 1290 re·

412 1317 553 1371 ferta,
581 1318 801 1361 invitabat.
862 1317 986 1373 Quae
1019 1316 1186 1369 quidem
1217 1316 1357 1359 omnia
1389 1319 1454 1360 his
1484 1318 1593 1371 ipsis
1622 1318 1716 1361 fere

411 1390 556 1434 verbis
592 1389 738 1432 retulit
768 1391 801 1431 1.
841 1400 882 1430 c.
927 1401 974 1441 p.
1000 1390 1082 1440 872
1109 1396 1149 1427 et
1175 1387 1276 1438 769.
1336 1386 1597 1439 Enimvero,
1629 1401 1719 1431 non

414 1460 502 1506 nisi
525 1461 577 1503 ad
598 1460 727 1502 breve
756 1470 926 1510 tempus
952 1457 996 1499 in
1021 1454 1256 1498 D’Orvillii
1292 1457 1495 1499 convictu
1521 1471 1716 1511 perman-

418 1533 514 1586 sit,
554 1532 791 1573 abstractus
829 1527 926 1570 inde
962 1525 1212 1568 auctoritate
1247 1525 1507 1568 celsissimae
1543 1529 1728 1582 diguita-

418 1604 477 1647 tis
507 1602 636 1655 Viri,
673 1596 826 1643 Ordini
858 1596 1053 1640 Statuum
1083 1595 1355 1639 Generalium
1392 1599 1617 1653 adscripti,
1651 1601 1726 1653 qui

423 1689 518 1720 eum
535 1706 551 1728 ,
578 1671 801 1729 proposita
820 1668 1052 1711 certissima
1075 1668 1366 1713 Professoriae
1390 1670 1625 1714 Cathedrae
1648 1672 1728 1714 ob-

421 1747 617 1792 tinendae
642 1757 747 1799 spe,
778 1740 925 1793 unici,
959 1752 1083 1793 quem
1109 1740 1291 1783 habebat
1308 1770 1324 1793 ,
1354 1742 1432 1784 filii
1463 1743 1615 1785 studiis
1638 1756 1733 1785 mo·-

425 1819 634 1870 ribusque
674 1812 901 1869 praeficere
948 1822 1126 1854 conatus
1154 1843 1169 1864 ,
1213 1812 1379 1856 tandem
1420 1828 1470 1856 eo
1502 1817 1730 1869 perduxit,

369 1887 374 1891 ’
428 1902 480 1933 ut
513 1922 529 1943 ‚
578 1887 772 1941 quamvis
813 1895 935 1937 aegre
975 1883 1170 1925 deserens
1203 1881 1354 1925 Musas
1390 1886 1732 1939 D'Orvillianas,

432 1958 722 2002 Ruhnkenius
751 1966 846 1996 cum
871 1953 969 1994 Viri
993 1954 1277 1996 illustrissimi
1301 1955 1391 1998 filio
1412 1957 1734 1998 Amstelodamo

437 2026 701 2083 Lugdunum
730 2037 777 2066 se
816 2023 1057 2066 conferret:
1106 2026 1220 2077 quod
1257 2024 1339 2066 fuit
1374 2037 1414 2067 a.
1445 2038 1555 2079 1747
1592 2038 1737 2068 mense

441 2100 645 2152 Augusto
664 2126 679 2149 ,
710 2096 747 2137 si
782 2095 950 2148 quidem
993 2096 1100 2138 datis
1139 2096 1324 2151 ejusdem
1351 2096 1508 2139 mensis
1536 2096 1603 2137 die
1636 2094 1740 2138 XXI

438 2168 577 2213 literis
609 2165 761 2221 gratias
797 2166 882 2219 egit
917 2165 1166 2209 D'Orvillio
1199 2167 1534 2220 beneficiorum,
1581 2165 1739 2219 quibus

441 2253 536 2283 eum
577 2246 768 2280 orna-tum
799 2236 1042 2291 dimiserat,
1078 2238 1296 2290 eidemque
1333 2240 1478 2292 plures
1508 2237 1739 2290 deinceps,

440 2310 594 2367 partim
644 2307 910 2351 necessitatis
941 2319 1123 2367 >partun
1184 2310 1309 2352 officii
1360 2321 1485 2352 causa
1512 2339 1529 2362 ,
1570 2307 1743 2361 scripsit

438 2384 612 2435 Iitera53
651 2392 754 2433 quas
791 2372 973 2433 primum
1001 2381 1045 2423 in
1072 2379 1226 2435 Anglia
1260 2379 1425 2434 editas,
1465 2379 1743 2435 repetivimus

441 2467 581 2509 nuper
627 2452 791 2506 Opusc.
829 2448 888 2495 T.
925 2451 981 2495 II.
1029 2464 1076 2504 p.
1113 2454 1191 2495 801
1224 2464 1326 2506 sqq.
1386 2454 1566 2497 Causam
1603 2460 1742 2491 autem

443 2523 806 2578 commigrationis
832 2535 960 2576 suae,
992 2523 1188 2577 proximo
1215 2536 1358 2566 mense
1373 2521 1602 2565 Februario
1620 2551 1634 2574 ,
1651 2520 1748 2562 Rit-

446 2606 541 2639 tcro
591 2593 796 2649 explicuit
824 2623 842 2649 ,
889 2594 996 2639 ibid.
1049 2607 1100 2650 p.
1154 2597 1258 2648 788.
1309 2606 1434 2650 quem
1484 2593 1569 2650 jam
1626 2602 1748 2636 antea
