1879 3160
340 215 423 261 332
622 187 1359 256 ANNOTA'Tlom

338 326 392 369 iis
423 340 526 381 quae
551 330 749 379 leguntur
775 340 821 380 p.
855 338 905 371 12
940 339 981 372 et
1008 341 1122 384 117,
1155 329 1277 373 haud
1308 342 1463 394 temere
1501 340 1636 395 conji-

339 397 454 447 cias,
485 397 721 438 Gesnerum
756 397 893 452 inter,
923 399 1005 453 jam
1038 411 1156 443 antea
1185 401 1229 445 in
1259 403 1484 450 Germania
1521 422 1637 451 eum-

338 469 429 510 dem
461 465 711 518 scriptorem
737 470 856 510 edere
887 482 1127 524 aggressum
1147 505 1162 525 ‚
1196 485 1236 517 et
1266 476 1636 521 Hemsterhusium

339 538 383 580 in
420 537 567 591 Belgio
601 537 697 579 item
736 538 994 582 factitantem
1017 572 1033 594 ‚
1075 544 1212 588 simile
1261 550 1470 600 quoddam
1509 548 1636 591 inter-

337 608 518 651 cessisse
538 619 707 652 mutuae
734 611 1027 654 aemulationis
1053 625 1098 655 ac
1129 614 1379 660 diffidentiae
1417 618 1634 670 studium,

341 681 463 732 quale
510 690 658 734 postea
683 710 697 730 ‚
738 681 986 724 Callimachi
1037 694 1078 726 et
1120 686 1419 741 Xenophontis
1459 687 1636 730 ornandi

335 764 493 804 causa,
537 752 770 797 Ernestum
811 753 919 795 inter
954 765 994 797 et
1026 754 1377 799 Valckenaerium
1418 758 1634 800 exstitisse

338 833 522 868 constat.
584 825 728 878 Ipsum
758 825 926 878 quidem
948 827 1212 882 Ernestum‚
1247 828 1436 882 quamvis
1457 827 1636 870 Gesneri

338 893 704 948 amantissimum,
737 898 863 950 longe
888 897 1064 950 aequius
1098 900 1149 941 de
1178 898 1501 942 Hemsterhusio
1525 898 1637 953 judl-

341 978 490 1017 casse‚
522 967 645 1019 eique
665 969 708 1009 in
731 965 906 1011 Graecis
928 970 1060 1013 literis
1088 971 1370 1025 principatum
1400 968 1633 1019 detulisse,

340 1046 490 1078 auctor
531 1046 595 1079 est
636 1037 995 1090 wyttenbachius
1032 1040 1075 1084 in
1114 1043 1206 1085 Vit.
1251 1040 1430 1083 Ruhnk.
1473 1051 1519 1092 p.
1567 1049 1635 1090 17.

341 1107 542 1149 Ceterum
586 1108 800 1160 posterior
849 1111 928 1153 iste
966 1126 989 1153 a
1030 1113 1207 1156 Klotzio
1254 1113 1390 1155 editus
1428 1111 1634 1161 libellus,

339 1177 438 1220 mihi
467 1179 671 1232 cognitus
700 1180 856 1223 indicio
882 1181 1123 1224 amicissimi
1146 1182 1283 1225 Bossii
1301 1214 1315 1234 ‚
1348 1194 1390 1225 et
1414 1185 1524 1224 lectu
1548 1192 1636 1222 non

340 1249 598 1305 injucundus
633 1263 696 1294 est
722 1284 739 1306 ‚
783 1264 824 1296 et
857 1254 1009 1308 dignus
1059 1253 1131 1306 qui
1168 1253 1219 1294 ad
1263 1252 1480 1294 historiam
1518 1250 1634 1293 illius

338 1321 542 1374 temporis
573 1324 793 1366 literariam
822 1325 1157 1380 cognoscendam
1189 1325 1409 1378 diligenter
1436 1321 1631 1364 adhibea-

336 1401 422 1434 tur.
486 1391 626 1445 Ipsius
665 1394 978 1438 Hemsterhusii
1018 1407 1058 1439 et
1096 1396 1276 1437 Gesneri
1303 1406 1469 1437 mutuas
1505 1392 1636 1446 Epis·

336 1466 444 1506 tolas
467 1465 683 1518 servavit,
726 1465 777 1507 ab
809 1466 1002 1508 Har-lesio
1034 1468 1258 1518 laudatus,
1301 1466 1343 1519 J.
1372 1466 1434 1507 N.
1476 1465 1636 1518 Eyrin-

339 1534 435 1588 gius
467 1534 510 1576 in
550 1534 804 1588 Biographia
833 1538 875 1593 J.
912 1537 979 1581 M.
1017 1536 1198 1581 Gesneri
1234 1535 1481 1579 Academica
1521 1534 1636 1576 Got-

336 1605 550 1660 tingensi‚
583 1607 693 1649 edita
717 1605 976 1662 Goettingae
1005 1623 1045 1652 a.
1072 1615 1197 1664 1769.
1231 1609 1335 1650 Vol.
1371 1606 1446 1649 [ΙΙ.
1479 1619 1524 1660 p.
1554 1607 1634 1659 369

339 1689 439 1729 sqq.
501 1678 649 1729 Alias,
681 1689 727 1720 ut
744 1679 909 1721 monuit
925 1693 1005 1723 nos
1032 1683 1104 1725 Cl.
1123 1683 1192 1725 M.
1220 1680 1524 1733 Tydemannus
1544 1707 1559 1730 ,
1592 1676 1636 1718 in

339 1752 474 1791 lucem
515 1750 694 1804 protulit
734 1751 972 1796 Meuselius
1010 1754 1162 1796 Hori-ei
1208 1753 1329 1795 Parte
1372 1751 1488 1793 VIII.
1549 1751 1638 1792 De·

336 1822 497 1874 nique,
530 1833 814 1866 memorantur
852 1826 1051 1877 quaedam
1086 1826 1129 1869 in
1166 1823 1432 1869 Collectione
1464 1819 1639 1873 Episto-

339 1894 472 1935 larum
523 1893 828 1942 Tcwaterana,
873 1896 1012 1941 Catal.
1055 1897 1105 1939 P.
1143 1899 1198 1939 ll.
1243 1909 1288 1949 p.
1324 1905 1391 1935 11.
1447 1889 1532 1932 No·
1563 1900 1634 1942 29·

338 1978 385 2018 p.
428 1977 496 2018 15.
541 1964 626 2008 N0.
657 1978 726 2019 35.
774 1977 814 2008 et
854 1980 898 2020 p.
933 1982 1001 2022 34.
1042 1967 1124 2011 N0.
1170 1980 1240 2020 14.
1321 1962 1438 2016 Quas
1487 1972 1632 2002 omnes

340 2034 599 2090 conjtmctim
642 2048 830 2090 repetere
860 2070 876 2092 ‚
920 2040 1064 2092 itaque
1118 2039 1169 2080 ad
1207 2033 1391 2088 plurium
1440 2029 1633 2074 notitiam

336 2107 545 2161 prodere,
587 2106 785 2162 profecto
820 2122 974 2162 operae
1009 2109 1187 2164 pretium
1218 2107 1289 2149 sit.

397 2178 506 2221 lbid.
574 2179 766 2221 Alterius
793 2202 842 2212 --
860 2179 1135 2233 festinatione
1172 2202 1221 2212 -—
1251 2179 1360 2219 hunc
1389 2174 1635 2228 festinando

329 2249 598 2308 perdidisse]
652 2251 866 2294 Reitzium
899 2251 1154 2305 significari,
1186 2247 1391 2292 neminem
1424 2245 1560 2299 fugit:
1594 2255 1636 2288 et

337 2322 476 2376 ipsum
505 2332 643 2365 tamen
675 2322 858 2366 fortasse
885 2322 1166 2381 excusandum
1195 2321 1250 2362 ob
1277 2318 1444 2362 nimiam
1472 2318 1632 2359 Biblio-

336 2396 530 2448 polarum
557 2392 867 2436 festinationem
888 2425 904 2446 ‚
937 2394 987 2435 de
1015 2406 1097 2446 qua
1124 2403 1170 2434 ut
1195 2391 1362 2444 publicc
1387 2390 1429 2432 in
1452 2387 1631 2430 Praefat.

341 2467 391 2507 ad
426 2465 661 2509 Lucianum
693 2476 869 2518 questus
901 2477 992 2516 est,
1026 2464 1082 2506 ita
1118 2463 1314 2518 privatim
1356 2461 1398 2503 in
1427 2457 1556 2501 literis
1581 2457 1631 2497 ab

336 2536 545 2591 Eyringio
582 2537 716 2580 allatis
754 2540 786 2581 l.
824 2550 865 2581 c.
897 2551 942 2591 p.
977 2551 1080 2592 403.
1143 2537 1240 2590 Ipse
1278 2534 1442 2588 quidem
1479 2529 1636 2584 Eyrin·

337 2605 430 2660 gius
461 2619 504 2658 p.
535 2610 616 2659 360
647 2621 744 2660 sqq.
778 2608 917 2651 minus
942 2619 1055 2650 recte
1081 2609 1132 2650 de
1158 2607 1353 2650 Gesnero
1383 2603 1538 2646 dictum
1566 2613 1636 2642 ae-

337 2687 521 2730 ccpcrat.
587 2677 687 2718 Vid.
714 2680 762 2719 ad
787 2680 830 2722 ll.
863 2683 890 2722 l.
923 2678 1158 2722 Harlesius.

1431 2748 1527 2798 Pag.
1561 2747 1629 2799 67.
