1879 3160
425 250 607 303 VlTA
661 258 720 303 D.
779 246 1246 301 RUIINKENH.
1399 259 1499 311 ως

186 380 306 425 ditus
331 381 404 426 vix
430 383 656 427 sufficiant.
719 378 913 424 Aliarum
953 378 1013 420 rei
1050 376 1266 423 faciendae
1289 376 1503 422 rationum

194 451 376 497 facultas
413 455 519 499 mihi.
551 453 703 498 defuit.
765 450 877 494 Sunt
911 449 987 503 qui
1016 449 1236 495 studiosos
1259 452 1434 508 Juvenes
1460 449 1504 495 in

194 525 479 570 contubernio
518 527 732 570 habeantz
783 524 866 567 hoc
908 523 972 566 uti
1010 533 1192 577 quaestu
1227 535 1315 566 non
1350 521 1506 577 potui,

196 610 385 653 propter
413 596 667 641 domesticas
694 595 979 638 difficultates.
1040 595 1151 638 Sunt
1176 594 1249 648 qui
1274 593 1508 638 scribendis

196 669 457 723 edendisque
473 668 594 712 libris
620 667 776 711 divites
807 666 940 710 fiant:
975 667 1092 720 quod
1108 667 1159 709 de
1186 666 1376 710 Ernesto
1398 664 1514 709 aliis·

200 753 285 794 que
313 740 478 785 fertur:
514 741 621 784 hanc
646 740 750 783 mihi
773 740 880 783 viam
906 739 1069 795 ingredi
1092 753 1180 783 non
1203 739 1352 790 licuit;
1386 737 1514 792 quip-

199 823 254 866 pe
283 824 410 865 quam
434 810 698 865 bibliopolae
724 811 862 855 nostri
878 825 968 855 non
995 821 1238 864 sequuntur
1259 810 1303 854 in
1332 810 1414 852 hoc
1437 808 1515 854 Li-

203 894 388 926 terarum
426 883 644 937 genere.’'
703 885 854 938 Atque
896 885 1004 927 hanc
1044 883 1280 926 orationem
1317 893 1417 924 sane
1439 892 1519 924 ne·

203 955 307 999 mini
330 969 420 998 non
445 969 583 1009 aequo
617 955 749 1011 judici
790 956 1017 1010 probabat.
1079 955 1130 998 In
1158 953 1278 996 libris
1302 962 1439 994 autem
1463 949 1517 992 ab

202 1027 301 1082 ipso
327 1026 477 1080 editis,
509 1041 589 1081 pro
618 1027 746 1070 unico
784 1040 923 1081 eoque
955 1036 1172 1080 postremo
1200 1020 1361 1077 aliquid
1387 1019 1520 1074 pretii

206 1109 356 1153 pactus
384 1109 448 1141 est
466 1128 481 1151 ‚
513 1099 803 1142 Schelleriano
832 1098 1022 1142 Lexico:
1057 1095 1227 1148 fuitque
1248 1093 1292 1135 id
1312 1091 1520 1147 pretium,
1585 1125 1588 1129 .

202 1184 281 1214 nec
314 1170 425 1213 enim
457 1169 533 1212 abs
562 1182 606 1211 re
633 1180 698 1211 est
720 1169 828 1212 alios
855 1169 939 1211 hoc
968 1166 1077 1210 scire
1095 1197 1112 1220 ‚
1144 1165 1519 1220 septingentorum

203 1241 485 1283 florenorum.
545 1241 607 1284 Et
629 1255 731 1284 vero
756 1242 906 1297 juvat,
941 1237 1047 1292 quid
1076 1237 1170 1292 ipse
1192 1237 1244 1279 de
1267 1237 1350 1279 hoc
1371 1235 1520 1279 labore

203 1310 256 1352 ad
282 1322 349 1352 me
371 1308 590 1364 scripserit
618 1310 663 1355 in
692 1311 874 1366 epistola
904 1309 1085 1354 Calend.
1109 1310 1281 1366 Januar.
1303 1323 1342 1352 a.
1376 1321 1486 1364 1793
1502 1319 1609 1373 ‚265

203 1379 342 1435 ipsius
377 1382 522 1426 verbis
563 1383 748 1427 referret
801 1413 827 1436 „
854 1381 932 1424 Me
968 1383 1105 1426 adhuc
1133 1390 1302 1424 exercet
1325 1379 1515 1434 ingratus

205 1453 403 1508 idemque
431 1454 640 1509 inglorius
667 1454 787 1497 labor
815 1453 1093 1498 Schelleriani
1121 1452 1271 1496 Lexici
1295 1463 1518 1495 recensen-

205 1526 280 1578 di,
312 1535 354 1569 et
379 1527 430 1568 ad
453 1524 639 1568 tironum
667 1537 792 1568 usum
820 1524 1182 1569 accommodandi.
1241 1525 1324 1568 Pro
1350 1537 1432 1578 qua
1454 1532 1517 1566 ta-

204 1608 300 1638 men
321 1609 452 1651 opera
464 1626 481 1650 ,
497 1594 880 1650 WVyttenbachium
903 1608 1042 1638 meum
1061 1595 1105 1638 in
1128 1595 1357 1638 Plutarcho
1373 1595 1420 1649 (ι
1435 1595 1516 1648 12)

205 1667 367 1710 edendo
386 1667 573 1710 imitatus
590 1698 608 1721 ‚
641 1667 874 1709 mercedem
895 1668 1037 1723 exegi.
1073 1666 1178 1710 Sero
1191 1666 1384 1721 intelligo
1402 1695 1418 1717 .,
1448 1677 1517 1708 me

205 1738 431 1791 hucusque
467 1738 519 1780 ad
555 1737 696 1781 omnia
736 1738 817 1781 alia
857 1738 1015 1782 rectius
1057 1740 1281 1793 sapuisse,
1317 1751 1440 1792 quam
1465 1738 1519 1780 ad

204 1820 292 1852 rem
318 1809 571 1853 faciendam.
587 1807 617 1827 '’
678 1810 904 1853 Caeterum
920 1839 936 1862 ‚
968 1809 1006 1852 si
1048 1809 1144 1863 quis
1170 1811 1301 1864 paulo
1327 1808 1518 1853 severior

201 1893 291 1924 non
316 1879 606 1933 acquiesceret
633 1879 677 1922 in
704 1880 775 1923 illa
797 1880 1014 1934 praeteriti
1047 1880 1252 1934 temporis
1277 1881 1516 1925 excusatio-

200 1966 284 2005 ne,
317 1953 391 1994 sed
416 1951 592 1994 ulterius
616 1951 654 1993 ei
670 1952 910 2007 ingereret,
944 1965 1039 1996 eum
1069 1952 1217 2006 quavis
1246 1953 1325 1996 alia
1350 1952 1515 1996 ratione

201 2021 389 2066 fortunis
429 2022 574 2065 uxoris
616 2032 658 2066 et
699 2023 883 2068 filiarum
922 2023 1168 2080 prospicere
1204 2024 1386 2078 debere3
1419 2032 1513 2068 tum

201 2091 274 2136 ille
298 2095 424 2137 vultu
463 2094 689 2149 oculisque
724 2095 922 2140 fiduciam
961 2106 1002 2138 et
1022 2094 1354 2149 indignationem
1378 2093 1513 2149 signi·

202 2162 458 2217 ficantibus,
490 2165 591 2207 Non
624 2166 830 2220 deerunt,
861 2165 1035 2220 inquit,
1066 2169 1231 2224 amici,
1256 2169 1331 2224 qui
1355 2167 1513 2210 harum

202 2230 511 2287 difficultatibus
549 2239 806 2293 consulant;
847 2248 896 2282 ut
929 2251 1054 2282 nemo
1087 2251 1178 2281 non
1212 2238 1513 2290 intempestive

204 2303 374 2357 sapiens
401 2317 495 2346 eum
517 2308 697 2360 amplius
722 2323 872 2364 urgere
888 2341 904 2363 ,
938 2319 979 2352 et
995 2309 1071 2351 hac
1096 2322 1172 2362 spe
1199 2309 1512 2361 reprehenden-

205 2375 255 2417 da
280 2375 509 2418 senectutis
535 2379 626 2433 ejus
647 2382 997 2435 tranquillitatem
1023 2380 1194 2423 turbare
1211 2410 1227 2433 ,
1259 2378 1302 2422 in
1324 2377 1510 2420 animum

1409 2461 1524 2492 aaut

254 2546 279 2596 ζ
297 2546 404 2597 112)
433 2548 614 2590 Editione
642 2551 811 2601 Operum
837 2550 1040 2591 Moralium
1062 2551 1082 2587 ὲ
1106 2559 1166 2586 me
1198 2548 1389 2592 instituta,
1417 2557 1513 2595 quae

204 2614 378 2659 oxonii,
405 2617 579 2663 auspiciis
604 2617 805 2655 illustrium
829 2616 1095 2663 Delegatorum
1121 2615 1223 2663 preli
1246 2609 1510 2654 Clarendonia-

201 2678 261 2716 ni.
289 2678 502 2719 excuditur·
