1879 3160
359 238 444 280 ⁹18
620 230 800 277 VITA
838 230 899 275 D.
941 231 1401 287 RUHNKENH.

359 353 493 399 finitis
521 352 715 407 partibus
747 353 946 398 uber-Iora
985 369 1109 412 esse,
1143 371 1266 411 quam
1304 369 1353 402 ut
1390 359 1473 402 hoc
1509 361 1606 404 loco
1641 360 1666 405 a

356 424 485 470 nobis
523 424 846 479 significentur,
888 426 1013 470 facile
1047 438 1112 471 est
1147 429 1199 470 ad
1235 429 1537 484 suspicandum
1575 430 1662 485 iis,

357 494 431 548 qui
464 495 713 537 acerrimum
748 496 855 538 illud
883 495 1132 540 Ruhnkenii
1171 499 1356 542 studium
1378 531 1393 552 ,
1438 512 1535 542 cum
1571 501 1666 554 pari

351 564 526 619 ingenio
551 565 830 618 doctrinaque
862 568 1166 622 coniunctum,
1198 579 1512 625 cognoverunt.
1570 569 1667 612 Ne-

352 649 438 689 que
463 646 658 679 nostrum
697 645 763 679 est
790 646 929 680 actum
962 651 1113 692 agere,
1147 641 1220 692 qui
1243 641 1296 683 de
1321 639 1419 682 libri
1443 640 1573 694 hujus
1597 653 1664 682 ar-

350 718 556 763 gumento
580 718 774 752 accurate
797 709 1064 764 copioseque
1091 709 1367 762 exposuimus
1383 741 1398 763 ‚
1421 709 1664 753 Bibliothe-

349 793 426 823 cae
463 779 652 824 Criticae
691 779 795 823 Vol.
827 783 888 825 ΙΙ.
932 780 1057 824 Parte
1083 780 1178 822 IV:
1224 780 1298 821 ubi
1332 780 1452 823 etiam
1492 781 1658 835 Hymni

348 851 643 894 auctoritatem
686 861 727 894 et
765 851 1059 905 antiquitatem
1103 851 1411 894 vindicavimus
1454 853 1658 903 adversus

348 922 704 975 reprehensiones
730 922 904 965 Nicolai
930 923 1122 977 Ignarrae
1138 955 1153 976 ‚
1184 922 1267 965 viri
1291 922 1544 968 doctissimi.

408 991 584 1034 Solebat
608 993 720 1037 haud
745 995 934 1049 exiguam
956 994 1204 1038 subsecivae
1227 1005 1378 1048 operae
1399 1003 1558 1046 partem
1583 993 1661 1037 tri·

349 1063 480 1105 buere
518 1065 787 1118 perlegendis
824 1066 1029 1120 catalogis
1056 1066 1292 1117 librorum,
1326 1065 1417 1108 sive
1448 1079 1524 1120 per
1559 1079 1659 1109 auc-

349 1133 492 1176 tiones
531 1134 923 1189 divendendorum‚
971 1137 1060 1178 sive
1093 1136 1136 1179 in
1168 1135 1440 1179 bibliothecis
1471 1136 1658 1189 publicis

261 1212 647 1265 185servatorum3
682 1208 791 1251 unde
822 1207 982 1251 sactum
1011 1219 1101 1260 est,
1133 1219 1181 1252 ut
1206 1208 1411 1251 rariorum
1446 1208 1664 1261 cognitio·

347 1290 444 1322 nem
470 1278 676 1322 librorum
695 1311 709 1333 ‚
740 1280 822 1334 Jam
857 1279 900 1322 in
922 1279 1092 1333 Bergeri
1118 1280 1342 1334 disciplina
1375 1290 1615 1334 perceptam
1635 1310 1653 1333 ‚

349 1351 560 1396 continuo
586 1361 786 1406 augeret,
818 1352 1064 1403 multosque
1088 1363 1182 1392 eum
1209 1351 1290 1393 sibi
1313 1351 1505 1405 privatim
1521 1383 1535 1403 ‚
1561 1362 1653 1394 tum

346 1425 524 1480 publice
548 1424 834 1468 bibliothecae
857 1421 1251 1476 Lugdunobatavae
1279 1422 1413 1464 libros
1438 1436 1658 1477 compara-

349 1508 442 1542 ret:
477 1511 555 1541 nec
583 1497 707 1540 facile
737 1509 831 1538 eum
860 1494 1026 1550 fugeret
1053 1495 1204 1544 locus,
1236 1493 1310 1535 ubi
1334 1493 1538 1536 ineditum
1563 1495 1657 1537 An-

348 1567 564 1620 tiquitatis
584 1576 905 1610 monumentum
929 1567 1094 1608 lateret.
1137 1561 1287 1605 Veluti
1312 1562 1381 1604 hic
1404 1577 1497 1606 eum
1519 1577 1655 1607 annus

350 1637 522 1693 egregio
554 1638 697 1681 beavit
729 1651 922 1680 munere.
982 1636 1093 1679 Nam
1125 1646 1174 1675 ex
1199 1632 1477 1688 inscriptione
1495 1635 1657 1690 Johan-

346 1708 417 1753 nis
439 1708 691 1751 Damasceni
715 1708 759 1752 in
783 1709 991 1762 Catalogo
1014 1705 1298 1749 bibliothecae
1312 1705 1532 1749 Mediceae
1548 1736 1563 1759 ‚
1588 1709 1656 1750 lu-

348 1782 558 1823 culentam
597 1790 812 1834 capturam
853 1778 1168 1829 subodoratus,
1201 1789 1248 1819 ea
1281 1776 1447 1831 potitus
1483 1787 1546 1821 est
1580 1779 1657 1821 ab·

347 1864 448 1894 sens
479 1852 655 1894 aliorum
693 1852 738 1894 in
774 1849 1054 1893 describendo
1090 1862 1193 1892 usus
1230 1861 1391 1902 opera,
1424 1851 1654 1903 retulitque

346 1922 516 1976 insigne
549 1923 895 1974 supplementum
926 1920 1146 1974 Florilegii
1174 1920 1426 1974 Stobaeani‚
1459 1923 1654 1975 locuples

346 1993 452 2036 illud
488 2006 534 2036 ac
576 1992 775 2035 refertum
814 1992 983 2034 ineditis
1024 1991 1162 2042 iisque
1197 1990 1571 2042 praestantissimis
1611 2002 1654 2034 et

345 2062 708 2118 disputationibus
724 2063 1084 2118 Philosophorum
1111 2070 1151 2102 et
1171 2061 1394 2103 sententiis
1408 2060 1652 2108 Poetarum.

345 2135 493 2187 Atque
525 2134 608 2176 hoc
637 2147 736 2178 sane
773 2137 872 2178 loco
912 2134 1183 2185 dubitemus,
1230 2130 1333 2185 quid
1368 2130 1499 2184 magis
1527 2131 1656 2172 mire·

345 2217 470 2257 mur,
507 2204 751 2248 studiumne
776 2205 819 2249 in
846 2204 1080 2259 indagando
1109 2215 1149 2246 et
1177 2202 1491 2253 consectando,
1524 2214 1574 2244 an
1600 2202 1655 2243 li·-

344 2278 526 2319 beralem
554 2287 594 2319 et
618 2277 821 2330 pecuniae
845 2287 1151 2321 contemtorem
1175 2274 1217 2317 in
1240 2288 1284 2316 re
1311 2285 1351 2317 et
1374 2274 1545 2319 fortuna
1566 2287 1653 2316 me·-

344 2346 478 2388 diocri
506 2346 719 2400 animun1‚
752 2348 804 2390 ad
833 2359 1029 2402 sumtus,
1064 2345 1257 2402 quamvis
1293 2357 1499 2399 magnos,
1530 2344 1651 2391 Lite-

344 2432 481 2460 rarum
512 2432 661 2461 caussa
684 2419 926 2463 faciundos.

397 2491 532 2532 Edito
569 2491 644 2534 illo
683 2491 952 2545 Hymnorum
991 2502 1032 2535 et
1067 2491 1360 2546 Epistolarum
1396 2485 1650 2530 Criticarum

341 2562 589 2614 volumine,
622 2563 842 2615 proximus
872 2573 987 2616 erat,
1022 2576 1146 2616 quem
1175 2569 1387 2616 promeret
1419 2567 1459 2598 et
1481 2557 1531 2597 ad
1561 2555 1649 2596 cdi-

339 2633 496 2678 tionem
535 2632 796 2690 instrueret,
829 2635 955 2681 Plato
986 2634 1187 2691 (1783).
1252 2630 1410 2684 Hunc,
1443 2638 1489 2670 ut
1524 2638 1648 2669 antea

1569 2698 1650 2742 Ti.
