1879 3160
422 232 607 277 VITA
647 230 706 275 D.
748 228 1204 275 RUIINKENII.
1380 247 1463 290 279

140 357 167 402 ἑ
192 368 301 400 vano
327 354 501 400 labore:
536 365 578 398 at
605 366 693 397 non
717 350 879 395 destitit
907 352 930 395 a
953 352 1114 406 patriae
1136 365 1303 398 amore:
1332 367 1458 399 suum

137 429 231 483 ipse
277 428 464 472 officium
497 438 672 468 secutus
709 434 799 468 est:
847 425 1088 476 monendO,
1132 425 1359 481 docendo,
1390 441 1461 470 ca-

135 502 305 555 vendo,
337 500 423 555 egit
464 497 582 551 quod
621 494 818 548 utrisque
855 494 1140 541 communiter
1169 498 1274 543 utile
1309 510 1454 544 esset:

133 574 277 617 animo
309 583 352 616 et
382 572 604 615 voluntate
629 566 736 611 favit
760 567 1032 610 melioribus,

191 645 253 688 At
273 655 380 696 quae
402 651 504 686 sunt
527 639 622 682 illae
652 637 852 681 meliores
878 638 1055 692 partes?
1100 639 1289 686 Messala
1316 642 1455 699 (106)

140 713 334 757 laudatus
367 712 420 755 ab
454 713 687 766 AugustO,
724 711 842 764 quod
874 711 925 754 ad
960 711 1138 754 Actium
1179 712 1350 756 fortiter
1371 728 1453 769 pro

132 783 229 838 ipso
248 785 453 828 adversus
481 783 722 826 Antonium
747 793 1010 838 pugnasset,
1045 783 1145 825 licet
1168 785 1371 827 adversus
1389 784 1455 839 ip·

133 868 228 897 sum
266 857 318 899 ad
365 856 596 910 Philippos
641 855 843 898 acerrime
885 868 966 910 pro
1012 855 1146 898 Bruto
1186 856 1452 900 dimicasset:

132 924 227 981 Ego
258 939 355 969 vero
382 958 398 979 ,
443 926 584 980 inquit
610 956 627 978 ,
670 935 832 982 semper
858 925 938 980 fui
983 928 1200 970 meliorum
1238 930 1456 984 partium.

131 997 317 1052 Egregia
341 1009 384 1040 et
409 999 582 1043 homine
619 996 817 1040 Romano
847 996 972 1051 digna
1008 996 1121 1039 vox!
1172 997 1233 1039 Ita
1253 997 1454 1050 profecto

131 1080 180 1111 se
205 1081 273 1110 res
293 1068 435 1114 habet.
494 1069 810 1123 PompeJ‘anus,
845 1068 1158 1121 Caesarianus,
1190 1068 1454 1123 Brutianus,

131 1139 437 1191 Antonianus,
470 1150 573 1183 sunt
598 1139 818 1183 hominum
842 1150 884 1182 et
909 1149 1118 1181 sectarum
1141 1141 1332 1185 nomina.
1364 1143 1453 1186 Bo-

131 1223 214 1259 nus
242 1210 351 1254 civis
375 1223 462 1252 rem
487 1210 620 1263 ipsam
650 1222 952 1255 consectatur:
986 1224 1070 1254 una
1092 1212 1130 1254 ei
1155 1224 1220 1255 est
1243 1225 1310 1255 res
1328 1244 1343 1266 ,
1376 1226 1454 1267 pa-

132 1281 237 1323 triae
267 1284 402 1324 salus.
465 1282 587 1326 Hanc
615 1295 910 1336 quaecumque
932 1291 1047 1326 secta
1073 1283 1251 1326 maxime
1275 1294 1448 1338 tuetur,

135 1364 242 1405 quae
273 1352 545 1406 honestatis,
575 1354 797 1411 justitiae,
829 1355 970 1410 legum
1010 1366 1199 1395 caussam
1226 1353 1446 1408 defendit,

134 1421 388 1477 cupiditati,
428 1426 627 1481 libidini,
673 1424 855 1478 sceleri,
899 1423 1076 1468 maxime
1109 1425 1298 1480 resistit,
1340 1427 1450 1473 hane

133 1495 319 1550 probat,
361 1496 464 1540 huic
502 1497 646 1542 favet:
692 1499 796 1541 haec
823 1497 860 1539 si
894 1496 946 1539 ab
975 1496 1175 1541 instituto
1201 1510 1249 1540 ac
1278 1497 1450 1551 profes·

131 1566 256 1610 sione
295 1567 469 1614 virtutis
509 1570 562 1611 ad
600 1570 848 1625 pravitatem
888 1566 1142 1620 degenerat,
1180 1578 1270 1611 non
1309 1566 1540 1621 minUS258

136 1651 226 1685 eam
265 1639 423 1682 deserit
462 1653 587 1693 quam
626 1641 677 1683 ab
724 1654 769 1683 ea
808 1639 900 1693 ipse
939 1637 1181 1690 deseritur,
1215 1651 1340 1680 suum
1369 1639 1454 1682 iter

132 1710 437 1765 persequiturg,
473 1723 513 1753 et
544 1712 580 1754 si
619 1724 724 1764 quae
759 1709 837 1753 alia
877 1709 1021 1752 existit
1050 1709 1235 1763 ejusdem
1263 1708 1454 1751 instituti

133 1794 176 1831 et
200 1783 441 1826 communis
480 1785 629 1827 salutis
669 1793 848 1837 patrona
886 1794 934 1823 ac
966 1780 1314 1836 propugnatrix,
1357 1794 1451 1824 eam
1495 1821 1498 1825 .

130 1854 272 1896 laudat
292 1865 333 1897 et
362 1856 572 1908 sequitur.
632 1853 923 1897 Ruhnkcnius
962 1862 1085 1896 natus
1114 1853 1157 1896 in
1183 1852 1445 1906 Germania,

130 1926 212 1971 sub
254 1925 542 1968 dominatione
582 1927 722 1980 regia,
756 1927 877 1970 illum
901 1927 925 1970 a
950 1935 1098 1969 natura
1122 1925 1204 1967 sibi
1229 1926 1449 1979 ingenera-

131 2005 223 2038 tum
255 1997 394 2051 pulcri
428 1998 661 2052 decorique
695 2012 865 2042 sensum
893 2000 976 2053 jam
1003 1997 1251 2038 adolescens
1274 1997 1325 2037 ad
1350 2010 1449 2050 per-

131 2067 366 2122 cipiendam
383 2066 591 2111 libertatis
616 2070 756 2113 civilis
777 2069 862 2111 vim
877 2067 1262 2122 praestantiamque
1279 2099 1292 2120 ,
1310 2068 1448 2112 Grae·

131 2151 280 2182 corum
308 2138 690 2192 Romanorumque
729 2140 912 2185 lectione
939 2140 1231 2194 Scriptorum,
1263 2153 1447 2184 conver-

133 2207 189 2250 tit
227 2218 268 2249 et
305 2209 450 2252 acuite
485 2222 585 2255 mox
613 2213 664 2254 ad
703 2213 886 2256 Batavos
919 2213 1112 2262 delatus,
1147 2211 1256 2253 hanc
1284 2210 1368 2252 sibi
1395 2209 1447 2252 li-

133 2279 337 2325 bertatem
367 2292 567 2332 praesens
593 2284 854 2337 experiundo
886 2297 1093 2338 usurpare
1120 2283 1239 2325 visus
1265 2292 1356 2322 cst:
1392 2281 1447 2322 ab

135 2362 186 2397 eo
209 2348 304 2391 inde
332 2360 524 2404 tempore
558 2352 649 2396 illas
686 2365 833 2399 nostra
857 2356 1024 2397 demum
1056 2365 1188 2397 aetate
1212 2354 1443 2395 celebratas

133 2434 234 2474 res,
267 2422 438 2465 humani
464 2425 628 2478 generis
655 2427 1030 2477 communionem,
1061 2428 1183 2480 jura,
1214 2425 1447 2477 aequalita-

132 2503 247 2547 tem,
282 2504 322 2536 et
358 2494 498 2537 animo
534 2495 700 2550 tenuit,
733 2506 774 2538 et
808 2496 1051 2549 quotidiana
1083 2508 1178 2537 cum
1216 2495 1310 2538 aliis
1338 2509 1444 2539 con-

1347 2580 1446 2613 sue-

180 2652 325 2706 (106)
354 2654 541 2695 Plutarch.
567 2655 604 2693 in
629 2655 711 2693 Vita
734 2654 840 2693 Bruti
860 2680 871 2698 ,
899 2665 939 2702 p.
968 2663 1084 2701 1009,
1111 2654 1158 2694 Β.

791 2719 822 2762 ὃ
852 2733 880 2773 4
