1879 3160
379 201 540 255 Μ,
660 185 1257 235 ΑΝΝοτΑΤΙο
1316 205 1399 237 Α»

383 315 444 362 L.
469 316 526 359 ΙΙ.
560 327 603 367 p.
629 322 716 365 229
740 322 813 362 sq.
842 307 900 355 L.
920 308 1001 352 111.
1032 323 1082 364 p.
1104 322 1190 365 259
1216 323 1288 363 sq.
1318 311 1460 360 Praef.
1498 315 1550 358 ad
1589 316 1678 361 Sel.

382 383 499 430 Hist.
529 380 612 423 Gr.
636 392 665 434 p
700 393 829 423 xxv11
844 393 913 433 sq.
947 380 1049 436 Quo
1080 381 1176 435 ipso
1206 382 1436 426 concidunt
1461 400 1604 430 omnes
1620 402 1683 431 re-

383 454 622 501 centiorum
639 481 655 503 ‚
687 451 731 494 in
753 449 902 505 primis
917 451 1223 496 Germanorum
1242 485 1257 506 ,
1290 463 1449 496 tantum
1467 465 1545 497 tam
1567 472 1684 510 prae-

381 527 540 568 clarum
564 521 782 566 inventum
811 532 884 565 aut
911 525 1268 572 contemnentium
1302 534 1372 567 aut
1400 525 1684 583 irridentium,

380 597 559 640 voculae
583 606 629 637 ac
660 593 878 646 querelae3
913 589 1272 648 confirmaturque
1306 598 1488 650 prudens
1514 611 1560 640 ac
1591 613 1683 643 mo-

382 669 580 718 destum,
612 663 649 707 si
686 663 802 717 quod
838 663 980 712 aliud,
1012 664 1219 709 Censoris
1249 668 1379 723 Angli
1408 669 1611 724 judicium
1639 671 1685 715 in

379 739 561 791 Diario,
602 737 672 780 cui
709 735 890 779 titulus:
944 734 1027 778 The
1073 735 1299 792 Quarterly
1343 739 1540 793 Review,
1579 743 1678 785 Vol.

379 812 520 858 XXII.
542 811 634 854 No.
650 808 811 853 XLVI.
829 820 982 861 p-319·
1025 807 1164 864 Cujus
1181 807 1272 862 ipsa
1286 810 1413 852 verba
1429 809 1471 851 in
1485 808 1684 853 Latinum

383 896 621 929 sermonem
643 892 847 924 conversa
862 879 905 921 h.
922 879 952 919 1.
969 875 1124 919 referre
1143 880 1287 934 juvat:
1326 910 1352 931 ‚,
1371 879 1538 933 Lingua
1552 879 1687 922 Grae-

384 966 465 1006 ca,
497 951 636 1005 inquit
653 981 668 1003 ‚
700 949 1054 1003 quemadmodum
1085 950 1136 991 ad
1164 962 1245 992 nos
1270 949 1493 1004 pervenit,
1526 960 1688 994 servata

385 1024 650 1076 antiquarum
677 1021 961 1064 monumentis
989 1020 1199 1063 literarum
1217 1052 1232 1073 ,
1259 1032 1347 1063 non
1365 1022 1469 1063 adeo
1488 1033 1684 1075 magnum

382 1093 573 1139 continet
601 1091 816 1142 radicum,
849 1103 896 1134 ut
927 1092 983 1134 ita
1018 1092 1179 1142 dicam,
1223 1102 1264 1134 et
1300 1092 1508 1147 originum
1541 1105 1688 1136 nume-

384 1177 493 1207 rum.
558 1162 680 1217 Quae
715 1160 891 1215 vestigia
928 1172 969 1203 et
996 1161 1224 1217 indagare,
1258 1173 1298 1205 et
1326 1163 1368 1206 in
1401 1177 1497 1206 suas
1529 1166 1686 1206 classes

387 1234 607 1289 redigere,
653 1233 733 1275 soli
765 1231 1083 1285 relinquebatur
1119 1232 1348 1276 industriae
1389 1246 1430 1276 et
1472 1234 1687 1289 sagacitati

386 1304 700 1351 Heinsterbusii
729 1313 769 1345 et
799 1303 1112 1346 Valckenacrii:
1147 1304 1302 1357 quibus
1329 1305 1461 1357 virm,
1493 1320 1572 1360 ope
1594 1320 1689 1350 ana-

386 1379 550 1434 10giae.,
585 1387 707 1429 quam
741 1375 960 1417 nonnullis
990 1374 1031 1418 in
1053 1375 1161 1417 locis
1186 1374 1370 1418 fortasse
1395 1378 1565 1432 longius
1593 1392 1687 1431 per-

385 1450 522 1495 secuti
552 1459 680 1496 sunt.,
722 1446 908 1500 adjutis,
948 1447 1129 1499 contigit
1166 1459 1240 1498 per
1283 1447 1428 1488 seriem
1459 1448 1690 1490 vocabulo·-

387 1536 507 1567 rum,
541 1520 592 1562 ab
622 1516 747 1567 aliis,
789 1514 1023 1556 rivulorum
1050 1515 1180 1557 instar
1197 1546 1211 1567 ‚
1245 1515 1524 1558 derivatorum
1557 1518 1617 1569 (¹⁸³
1640 1532 1689 1569 ),

387 1591 520 1635 veluti
546 1590 598 1632 ad
634 1588 827 1638 fontem,
872 1585 922 1626 ad
953 1585 1157 1639 insignem
1195 1586 1541 1640 primitivorum,
1582 1599 1689 1641 quae

390 1677 477 1709 non
501 1661 682 1716 amplius
707 1667 905 1705 exstant,
936 1657 1099 1710 copiam
1131 1657 1436 1700 adscendere.’'

445 1735 497 1778 Ρ.
522 1748 541 1786 4
556 1748 597 1776 2.
664 1731 745 1786 Qui
770 1730 913 1771 nolant
939 1728 1108 1770 eundem
1133 1730 1333 1772 hominem
1352 1728 1548 1787 pluribus*
1570 1724 1691 1773 rebus

387 1804 617 1858 excellere]
677 1801 839 1844 Sumsit
878 1814 900 1843 a
940 1801 1151 1844 Cicerone
1185 1815 1293 1853 δυο,
1336 1802 1457 1844 Brut.
1488 1812 1569 1843 21:
1612 1797 1692 1840 Sed

390 1888 449 1919 est
488 1889 567 1918 mos
602 1875 809 1916 hominum
827 1902 842 1924 ‚
889 1882 935 1914 ut
971 1873 1103 1914 nolint
1137 1870 1308 1914 cundem
1336 1869 1531 1928 pluribus
1569 1868 1692 1911 rebus‘

389 1947 603 1990 excellwe.
665 1944 778 1985 Haec
805 1953 845 1984 et
871 1942 947 1984 alia
974 1945 1090 1995 plura
1114 1943 1296 1997 ejusdem
1324 1939 1486 1994 generis
1506 1970 1522 1990 ‚
1551 1940 1688 1991 qualia

388 2033 442 2064 ne
469 2019 509 2060 in
525 2018 700 2059 Mureto
728 2013 892 2065 quidem
918 2014 1166 2067 negligenda
1190 2010 1353 2066 putavit
1370 2007 1651 2050 Ruhnkenius
1668 2040 1683 2060 ,

388 2090 496 2133 locis
535 2087 671 2130 allatis
717 2085 884 2138 Opusc.
932 2083 1071 2125 T.11.
1117 2096 1160 2132 ρ.
1188 2085 1269 2131 728
1298 2090 1337 2121 et
1370 2091 1469 2132 73».
1510 2082 1688 2133 ejusque

392 2161 585 2212 exemplo
613 2157 653 2199 in
677 2157 887 2206 Ernesto,
915 2153 1250 2209 Wyttenbachio
1268 2183 1282 2202 ,
1309 2161 1348 2193 et
1368 2151 1462 2204 ipso
1479 2150 1691 2193 Ruhnke-

390 2232 462 2275 nio
479 2262 491 2283 ‚
520 2229 675 2285 passim
691 2227 887 2271 laudabili
907 2225 1123 2281 diligentia
1136 2223 1409 2266 ostenderunt
1426 2220 1685 2265 Matthiaeus

1647 2297 1700 2337 et

438 2426 530 2477 (⁸)
570 2426 655 2470 Sic,
686 2431 821 2461 servata
850 2422 1117 2471 significatione
1144 2420 1290 2468 propria
1307 2444 1319 2462 ‚
1345 2416 1589 2466 usurpandum
1615 2423 1686 2459 pue

389 2496 547 2530 ravimus
573 2492 722 2528 verbum
747 2491 916 2526 derivari
932 2515 944 2532 ,
972 2485 1073 2534 quod
1098 2485 1258 2531 alioquin
1281 2487 1399 2521 minus
1418 2490 1520 2519 recte
1539 2477 1685 2523 simpli.

392 2558 484 2593 citer
514 2567 556 2593 ac
585 2556 764 2593 translate
792 2552 931 2589 dicitur
960 2560 1028 2598 pro
1053 2550 1162 2593 duci,
1195 2551 1293 2586 oriri
1302 2572 1319 2595 ‚
1356 2549 1419 2586 ubi
1438 2543 1494 2595 ‚de
1519 2541 1685 2583 vocabu-

390 2620 516 2658 lorum
545 2616 772 2665 etymologia
797 2626 861 2654 seu
885 2616 1027 2663 origine
1046 2613 1177 2661 agitur.

1827 3115 1855 3160 ἐι
