1879 3160
409 229 686 278 viTAM
747 220 1265 274 uui-INKENH.
1409 230 1493 287 383

185 355 336 409 nium,
368 367 416 401 ut
454 370 530 411 par
562 366 655 407 cst,
688 354 851 397 ratione
887 352 1054 405 habita,
1099 353 1293 405 equidem
1320 351 1494 395 affirma·

188 441 233 471 re
268 442 355 471 non
393 428 575 479 dubito,
615 438 840 479 perparum
876 424 1033 466 referre
1058 425 1108 466 ab
1149 426 1285 468 utrius
1320 428 1501 468 elemen-

189 499 245 541 tis
292 500 460 554 linguae
520 497 696 552 puerilis
765 497 1048 539 iustitutionis
1110 499 1279 540 exordia
1332 496 1500 551 capiam

191 581 291 626 tur;
335 573 420 614 imo
470 572 614 622 potius
661 571 766 611 lianc
820 569 880 610 illi
929 568 1244 621 praeferendam
1296 582 1390 612 esse
1431 581 1502 622 pa-

193 651 304 684 trum
360 640 561 683 memoria
606 651 813 691 recept-‚tm
863 641 1241 692 consuetudinem,
1289 641 1374 692 qua
1421 638 1506 692 pri-

193 726 309 756 mum
348 727 371 754 a
403 710 619 755 vernaculi
659 711 868 752 sermonis
922 713 1231 754 cousuetudine
1285 713 1336 754 ad
1388 710 1507 753 Lati·

195 797 289 828 nam
328 787 549 839 linguam9
594 782 743 823 deiude
782 794 802 821 a
848 781 1000 822 Latina
1039 783 1089 823 ad
1128 782 1331 826 Graecam
1367 784 1510 825 tradu-

200 864 365 898 cantur.
427 854 579 907 Longe
620 864 724 894 vero
763 850 841 892 alia
877 864 1021 894 corum
1060 867 1128 896 res
1171 865 1265 905 est,
1311 853 1384 906 qui
1414 865 1511 906 per-

199 926 336 978 ceptis
377 937 497 968 antea
549 924 703 978 puerili
761 922 1031 965 institutione
1077 926 1300 976 utriusque
1342 926 1509 978 linguae

198 998 416 1040 elementis
436 1028 451 1049 ,
483 981 625 1038 autiin
649 993 895 1035 Academias
918 995 1072 1047 delati,
1113 1008 1184 1040 aut
1220 1011 1299 1039 suo
1326 996 1409 1050 ipsi
1433 997 1511 1038 do-

201 1069 380 1112 mestico
412 1082 459 1111 ac
492 1058 662 1120 privato
691 1064 835 1105 studio
852 1094 867 1115 ‚
900 1064 943 1106 in
966 1068 1127 1111 Literis
1151 1082 1238 1111 non
1261 1077 1423 1109 tantum
1447 1065 1514 1108 vi·

199 1149 264 1181 tae
306 1139 389 1181 sibi
426 1137 700 1180 tabernacula
737 1137 976 1188 collocare,
1025 1140 1100 1181 sed
1137 1139 1199 1181 ad
1226 1153 1373 1181 earum
1404 1141 1509 1182 adeo

192 1212 486 1267 principatum
513 1238 528 1260 ‚
571 1217 620 1250 ut
661 1206 718 1248 ait
761 1206 1048 1249 Ruhnkenius
1075 1240 1090 1260 ‚
1139 1208 1387 1251 contendere
1436 1221 1514 1250 cu-

202 1281 346 1335 piunt.
409 1279 492 1324 His
523 1278 632 1323 enim
664 1278 767 1332 quin
792 1279 976 1332 primum
1004 1280 1188 1334 Graeci,
1221 1281 1369 1325 deinde
1393 1280 1515 1322 Lati-

202 1350 247 1393 ni
273 1349 513 1402 Scriptores
538 1351 707 1406 legendi
738 1352 852 1404 sint,
884 1363 962 1392 nec
986 1350 1078 1393 sine
1096 1351 1273 1396 Graecis
1294 1353 1345 1394 ad
1359 1352 1514 1395 Latina'

206 1432 346 1476 pateat
382 1421 549 1474 aditus;
583 1435 708 1464 nemo
750 1422 943 1474 dubitat,
978 1422 1051 1474 qui
1080 1422 1317 1466 meminerit
1356 1423 1514 1466 Roma-

206 1505 320 1544 nos,
355 1504 462 1544 quae
484 1493 946 1535 habueruntliterarum
974 1493 1259 1543 incrementa,
1289 1507 1312 1536 a
1335 1492 1513 1537 Graecis

207 1563 351 1605 omnia
384 1562 658 1606 desumsisse.
730 1564 813 1606 Sed
841 1564 924 1605 hoc
955 1563 1062 1605 illud
1093 1573 1188 1616 est,
1235 1565 1351 1616 quod
1389 1564 1516 1609 initio

206 1633 420 1686 diximus,
464 1646 609 1676 eorum
649 1635 722 1688 qui
758 1635 914 1678 discere
951 1646 998 1676 ac
1041 1633 1176 1689 legere
1213 1634 1512 1681 confundunt:

208 1705 253 1747 id
280 1705 398 1758 quod
420 1706 465 1749 in
488 1706 617 1749 simili
649 1719 774 1749 causa
800 1705 966 1761 egregie
992 1705 1356 1759 wyttenbachius
1383 1709 1518 1752 anim·

208 1777 420 1820 advertit:
459 1777 691 1830 ‚,Sunt,’'
722 1778 863 1831 inquit
881 1779 1022 1822 Praef.
1051 1779 1167 1822 laud.
1203 1792 1249 1833 p.
1273 1792 1344 1824 vr.
1383 1811 1410 1834 ‚‚
1439 1782 1516 1835 qui

215 1876 243 1901 „
273 1847 463 1905 (initio)
505 1850 740 1892 Homerum
774 1849 909 1892 velint
944 1850 1072 1905 (*):
1106 1860 1208 1893 sunt
1237 1851 1311 1903 qui
1351 1856 1518 1897 solutae

213 1949 242 1974 ‚‚
272 1920 477 1964 orationis
508 1921 646 1964 facilis
685 1933 732 1963 ac
766 1921 1019 1975 perspicuae
1057 1922 1312 1976 scriptorem
1351 1927 1517 1971 malint·

215 2019 243 2044 „
274 1990 457 2044 Utrique
503 1994 657 2047 partim
697 2000 810 2035 recte
835 2021 851 2044 ‚
893 1992 1044 2046 partim
1083 2006 1245 2037 secus:
1295 2006 1440 2050 recte,
1482 1997 1522 2040 si

216 2092 246 2117 „
275 2063 460 2107 discendi
505 2065 670 2108 initium
710 2078 734 2107 a
779 2077 929 2118 prosae
967 2063 1177 2118 scriptore
1199 2095 1215 2118 ‚
1269 2065 1433 2122 legendi
1464 2068 1520 2110 ab

222 2161 250 2185 „
279 2133 468 2175 Homero
506 2135 599 2179 fieri
641 2139 819 2180 volunt:
862 2149 1008 2189 secus,
1056 2135 1093 2178 si
1125 2135 1283 2179 discere
1317 2151 1364 2179 ac
1385 2139 1521 2194 legere

221 2233 250 2256 „
279 2204 566 2248 confundunt.
628 2209 737 2250 Sanc
776 2209 818 2251 in
853 2208 1041 2263 legendis
1078 2209 1343 2251 Auctoribus
1384 2214 1426 2252 et
1446 2215 1520 2254 an'-

221 2307 249 2329 „
283 2276 493 2328 tiquitatis
526 2279 772 2332 cognitione
814 2293 889 2333 per
923 2281 1094 2322 illorum
1132 2279 1359 2322 lectionem
1398 2282 1521 2324 colli-

222 2375 251 2399 „
282 2346 448 2400 genda,
481 2359 569 2388 non
609 2359 672 2390 est
695 2351 867 2393 dubium
895 2353 998 2405 quin
1022 2354 1178 2394 aetatis
1204 2350 1304 2392 ordo
1337 2365 1524 2406 sequen.

225 2446 254 2474 „
284 2419 362 2460 dus
379 2449 396 2472 ,
439 2416 494 2459 ab
529 2422 816 2476 antiquissimo
851 2437 1006 2480 quoque
1047 2421 1110 2465 ad
1134 2424 1378 2478 proximum
1407 2426 1524 2470 dein-

1367 2526 1395 2552 „
1424 2509 1526 2553 ceps

270 2583 291 2633 (
309 2582 328 2604 *
347 2580 369 2632 >
397 2583 458 2621 De
482 2594 557 2631 qua
580 2586 811 2632 quaestione
829 2614 842 2634 ,
863 2588 971 2625 lectu
1003 2587 1162 2630 minime
1190 2587 1350 2642 indigna
1377 2575 1525 2633 Gesne-

208 2648 297 2691 ‘rus
315 2648 511 2698 protulit,
541 2649 723 2699 Isagoges
752 2650 789 2700 §.
812 2653 897 2701 148.
919 2665 962 2701 p.
991 2655 1074 2703 158.
