1879 3160
423 169 510 214 432
724 153 1454 211 ANNOTATIOAD

421 276 482 319 sii
513 276 677 320 obitum
705 285 844 327 usque
878 287 1089 333 perpetuo
1126 279 1303 327 Scholus
1343 286 1518 333 habuit:
1552 299 1599 335 ut
1631 304 1729 337 cum

427 359 479 388 ex
516 345 631 387 illius
664 345 912 399 provinciae
949 350 1132 394 consino
1174 354 1396 409 sequitur,
1438 366 1527 401 tum
1563 363 1729 416 perspi-

421 429 500 459 cue
531 415 635 458 mihi
661 416 856 471 apparuit
883 429 934 459 ex
957 419 1129 465 Scholis
1155 425 1207 467 ad
1232 425 1534 481 Xenophontis
1559 429 1728 474 Memo-

416 484 595 540 rabilia,
629 486 786 529 habitis
821 488 940 531 annis
974 490 1101 546 1765.
1133 503 1176 537 et
1208 497 1440 552 proximo,
1480 498 1527 541 in
1565 499 1722 552 quibus

412 555 597 601 alicubi:
635 557 924 612 „Herodotus
938 559 990 612 ‚”
1016 559 1159 615 inquit
1186 568 1317 620 ‚‚V1‚
1336 572 1416 613 62:
1446 571 1512 616 τὸν
1533 571 1577 615 δὲ
1600 571 1724 626 ἔκνιζε

433 658 446 686 2
475 632 548 678 τῆς
571 632 758 681 γυναικὸς
786 631 895 685 ἔρως.
931 644 1056 684 quem
1081 637 1222 679 locum
1250 639 1300 681 ab
1333 640 1425 683 aliis
1454 650 1604 695 postea
1632 641 1726 683 imi-

431 691 599 757 ,'‚tand0
640 712 887 756 expressum
927 716 1020 746 esse
1058 704 1183 749 docet
1224 720 1415 751 summus
1452 709 1725 752 Hemsterhzc-

431 805 463 829 ,‚
492 785 582 826 sus,
615 775 691 829 qui
713 783 813 816 ante
836 784 921 817 tres
949 774 1036 818 dies
1059 788 1169 817 armo
1193 779 1347 819 aetatis
1366 778 1572 822 LXXXI
1588 793 1627 824 et
1649 783 1725 825 III

429 875 460 899 ‚‚
492 843 674 888 mnsibas
701 855 890 889 mortuus
916 855 1008 900 est,
1040 844 1084 888 in
1118 845 1254 890 Obss.
1282 845 1471 892 Miscell.
1505 850 1609 893 Vol.
1636 854 1717 895 VI.

427 946 458 970 „
491 916 605 959 Tim.
623 917 662 962 Ι.
695 931 743 971 p.
774 918 906 973 303.”
954 917 1280 971 Discipulorum
1303 927 1473 972 autem,
1503 919 1720 963 doctrinae

421 988 546 1029 laude
560 986 891 1041 conspicuorum
909 1021 926 1044 ‚
959 1002 1070 1044 quos
1099 990 1144 1032 in
1181 986 1357 1032 Graecis
1387 990 1535 1033 habuit
1565 990 1718 1034 Ruhn-

417 1058 589 1112 kenius,
616 1058 765 1101 eodem
793 1059 961 1103 circiter
983 1070 1204 1114 tempore,
1231 1060 1275 1104 in
1296 1061 1446 1114 primis
1466 1062 1551 1106 fuit
1572 1063 1624 1107 F.
1651 1063 1715 1109 G.

416 1128 636 1181 Boershs,
671 1130 870 1184 cognitus
894 1131 1020 1173 docta
1047 1130 1353 1187 Disputatione
1385 1135 1436 1178 de
1460 1135 1714 1189 Anthropo-

410 1202 528 1256 logia
545 1203 745 1258 Jstorum
772 1201 916 1246 Stoica
934 1232 950 1253 ‚
982 1202 1125 1256 Lugd.
1157 1204 1251 1247 Bar.
1284 1207 1410 1259 1766.
1458 1206 1561 1249 Vid.
1583 1207 1713 1259 Wyt-

409 1273 621 1317 tenbachi:
639 1275 729 1330 Ep.
755 1275 807 1318 ad
830 1273 891 1316 H.
921 1272 1079 1320 Bosch.
1107 1273 1277 1328 OpuSC.
1315 1276 1375 1320 T.
1399 1280 1462 1321 ΙΙ.
1494 1291 1544 1331 p.
1563 1274 1643 1332 ⁷58.
1670 1287 1710 1318 et

409 1344 507 1388 Viri
530 1349 752 1400 mensoria,
775 1344 880 1387 ibid.
907 1357 954 1397 p.
976 1347 1054 1398 358
1084 1358 1186 1398 sqq.
1215 1360 1265 1388 ex
1288 1347 1474 1390 Philom.
1503 1347 1562 1389 L.
1585 1349 1671 1390 ΙΙΙ.

403 1422 405 1426 ’
460 1417 512 1460 Ρ.
533 1429 609 1472 95.
636 1418 887 1473 Exemplum
907 1413 1059 1469 Jacobi
1081 1413 1320 1469 Perizonli]
1362 1419 1430 1459 De
1459 1431 1576 1471 quo,
1602 1429 1712 1462 teste

403 1484 671 1541 Schultingio
715 1488 760 1530 in
800 1484 959 1538 Elogio
999 1482 1128 1536 Viri,
1187 1514 1213 1536 „
1241 1485 1441 1529 omnibus
1486 1490 1710 1544 constitit,

406 1585 435 1609 „
465 1557 622 1599 nullius
651 1570 835 1614 unquam
864 1553 1118 1608 Professoris
1141 1554 1185 1598 in
1216 1555 1290 1599 ino
1321 1556 1558 1602 studiorum
1585 1572 1711 1614 gene-

403 1657 433 1681 „
462 1640 507 1670 re
522 1658 538 1681 ,
570 1629 820 1683 (praecipue
842 1635 980 1670 autem
1005 1628 1052 1667 in
1072 1625 1290 1669 Historiae
1314 1631 1564 1673 universalis
1585 1646 1709 1674 enar-

401 1729 431 1753 „
460 1701 658 1756 ratione)
701 1701 949 1751 auditoria,
994 1698 1085 1740 sive
1132 1699 1324 1754 privata,
1369 1701 1461 1745 sive
1502 1702 1706 1758 publica,

397 1798 430 1825 „
456 1780 576 1814 tanto
593 1770 870 1816 studiosorum
886 1782 1056 1812 numero
1060 1767 1304 1823 floruisse.”
1347 1772 1450 1817 Vid.
1466 1773 1703 1818 Vriemoet.

391 1841 560 1886 Athen.
592 1842 705 1887 Fris.
738 1858 783 1898 p.
809 1847 910 1898 629.

451 1913 501 1955 P.
527 1915 603 1965 96.
645 1912 921 1957 Raslmkenius
953 1913 1005 1956 id
1037 1913 1214 1971 agebat,
1256 1926 1304 1958 ut
1336 1918 1601 1971 Historiam,
1642 1940 1700 1955 —

391 1997 439 2025 re
465 1985 556 2038 ipffl
580 1981 869 2026 Universalem
908 1984 1100 2028 redderet
1113 2017 1130 2039 ‚
1160 2010 1210 2020 -
1242 1989 1334 2030 veri
1366 1988 1697 2045 disceptatricem

389 2055 595 2097 Criticam
625 2054 869 2108 adhiberet,
900 2057 1005 2111 σωκ]
1047 2055 1130 2100 Est
1161 2058 1260 2100 haec
1288 2057 1450 2101 Critica
1481 2060 1697 2103 Historiae

389 2125 624 2168 tractandae
655 2126 793 2178 ratio,
830 2141 951 2180 quam
979 2129 1294 2171 I⁴Iemstcrhusii
1335 2130 1524 2184 magistri
1561 2144 1697 2173 exem-

386 2197 463 2249 plo
479 2225 494 2246 ‚
525 2196 648 2250 cujus
671 2196 760 2240 vid.
788 2198 919 2253 Elog.
951 2214 996 2254 p.
1017 2213 1096 2256 37,
1130 2211 1372 2244 constanter
1392 2201 1694 2245 tenuitRuim-

380 2267 567 2323 kenius3
597 2280 648 2310 ex
673 2281 809 2323 eoque
833 2280 1060 2315 tenuerunt
1086 2285 1259 2325 omnes,
1290 2271 1535 2326 quicunque
1561 2273 1603 2316 in
1630 2273 1692 2315 hi-

382 2341 516 2382 storia
546 2341 743 2384 tradenda
781 2341 1010 2397 prudenter
1041 2347 1197 2388 versati
1224 2355 1353 2398 sunt,
1386 2343 1532 2397 prouti
1562 2343 1691 2396 Wyt-

384 2412 638 2456 tenbachius
655 2446 672 2468 ‚
693 2416 745 2457 de
774 2429 859 2468 quo
887 2426 1054 2460 constat
1078 2430 1128 2459 ex
1153 2419 1243 2472 ejus
1259 2416 1360 2458 Vita
1376 2428 1422 2469 p.
1445 2416 1685 2469 130—136.

385 2481 536 2536 anue
563 2485 646 2528 nisi
674 2488 860 2530 omnium
897 2487 1085 2540 optima,
1117 2490 1242 2541 longe
1269 2497 1382 2530 certe
1406 2484 1499 2529 aliis
1524 2483 1691 2539 praefe-

382 2555 509 2597 renda
550 2557 819 2614 rationibus3
865 2559 999 2602 veluti
1041 2559 1107 2613 ei,
1151 2562 1272 2616 cujus
1314 2562 1456 2602 locum
1495 2557 1685 2611 excepit,

1620 2641 1689 2670 eo-
