<?xml version="1.0" encoding="UTF-8"?>
<!DOCTYPE html PUBLIC "-//W3C//DTD XHTML 1.0 Transitional//EN"
    "http://www.w3.org/TR/xhtml1/DTD/xhtml1-transitional.dtd">
<html xmlns="http://www.w3.org/1999/xhtml" xml:lang="en" lang="en">
 <head>
  <title>
</title>
<meta http-equiv="Content-Type" content="text/html;charset=utf-8" />
  <meta name='ocr-system' content='tesseract 3.04.00' />
  <meta name='ocr-capabilities' content='ocr_page ocr_carea ocr_par ocr_line ocrx_word'/>
</head>
<body>
  <div class='ocr_page' id='page_1' title='image "./elogiumtiberiihe00ruhnuoft/elogiumtiberiihe00ruhnuoft_0355.png"; bbox 0 0 1879 3160; ppageno 0'>
   <div class='ocr_carea' id='block_1_1' title="bbox 443 202 1491 264">
    <p class='ocr_par' dir='ltr' id='par_1_1' title="bbox 443 202 1491 264">
     <span class='ocr_line' id='line_1_1' title="bbox 443 202 1491 264; baseline 0.005 -16"><span class='ocrx_word' id='word_1_1' title='bbox 443 202 626 251; x_wconf 86' lang='lat' dir='ltr'>VITA</span> <span class='ocrx_word' id='word_1_2' title='bbox 671 206 732 251; x_wconf 89' lang='lat' dir='ltr'><strong>D.</strong></span> <span class='ocrx_word' id='word_1_3' title='bbox 782 204 1238 252; x_wconf 82' lang='lat' dir='ltr'><strong>RUHNKENII.</strong></span> <span class='ocrx_word' id='word_1_4' title='bbox 1407 221 1491 264; x_wconf 77' lang='lat'><strong>297</strong></span> 
     </span>
    </p>
   </div>
   <div class='ocr_carea' id='block_1_2' title="bbox 195 327 1596 1889">
    <p class='ocr_par' dir='ltr' id='par_1_2' title="bbox 195 327 1596 1889">
     <span class='ocr_line' id='line_1_2' title="bbox 197 327 1504 386; baseline -0.002 -12"><span class='ocrx_word' id='word_1_5' title='bbox 197 342 263 374; x_wconf 88' lang='lat' dir='ltr'><strong>me</strong></span> <span class='ocrx_word' id='word_1_6' title='bbox 287 327 368 372; x_wconf 89' lang='lat' dir='ltr'><strong>sibi</strong></span> <span class='ocrx_word' id='word_1_7' title='bbox 395 328 481 372; x_wconf 86' lang='lat' dir='ltr'><strong>dari</strong></span> <span class='ocrx_word' id='word_1_8' title='bbox 505 331 634 372; x_wconf 86' lang='lat' dir='ltr'><strong>vellet</strong></span> <span class='ocrx_word' id='word_1_9' title='bbox 673 328 989 386; x_wconf 78' lang='lat' dir='ltr'><strong>Ruhnkenius,</strong></span> <span class='ocrx_word' id='word_1_10' title='bbox 1021 345 1131 375; x_wconf 89' lang='lat' dir='ltr'><strong>nova</strong></span> <span class='ocrx_word' id='word_1_11' title='bbox 1165 331 1215 374; x_wconf 89' lang='lat' dir='ltr'><strong>ad</strong></span> <span class='ocrx_word' id='word_1_12' title='bbox 1242 339 1410 374; x_wconf 86' lang='lat' dir='ltr'><strong>veteres</strong></span> <span class='ocrx_word' id='word_1_13' title='bbox 1432 342 1504 371; x_wconf 89' lang='lat' dir='ltr'><strong>ac·</strong></span> 
     </span>
     <span class='ocr_line' id='line_1_3' title="bbox 197 401 1504 459; baseline -0.002 -14"><span class='ocrx_word' id='word_1_14' title='bbox 197 403 372 445; x_wconf 80' lang='lat' dir='ltr'>cedebat</span> <span class='ocrx_word' id='word_1_15' title='bbox 399 415 546 445; x_wconf 83' lang='lat' dir='ltr'>caussa</span> <span class='ocrx_word' id='word_1_16' title='bbox 571 415 644 453; x_wconf 86' lang='lat' dir='ltr'><strong>ea,</strong></span> <span class='ocrx_word' id='word_1_17' title='bbox 683 403 797 454; x_wconf 85' lang='lat' dir='ltr'><strong>quod</strong></span> <span class='ocrx_word' id='word_1_18' title='bbox 826 402 880 444; x_wconf 86' lang='lat' dir='ltr'><strong>ita</strong></span> <span class='ocrx_word' id='word_1_19' title='bbox 907 415 1107 455; x_wconf 84' lang='lat' dir='ltr'>praesens</span> <span class='ocrx_word' id='word_1_20' title='bbox 1146 401 1357 455; x_wconf 85' lang='lat' dir='ltr'>praesenti</span> <span class='ocrx_word' id='word_1_21' title='bbox 1392 402 1504 459; x_wconf 81' lang='lat' dir='ltr'><strong>cele-</strong></span> 
     </span>
     <span class='ocr_line' id='line_1_4' title="bbox 198 473 1508 528; baseline -0.001 -13"><span class='ocrx_word' id='word_1_22' title='bbox 198 473 353 516; x_wconf 87' lang='lat' dir='ltr'><strong>riorem</strong></span> <span class='ocrx_word' id='word_1_23' title='bbox 379 476 687 526; x_wconf 84' lang='lat' dir='ltr'><strong>certioremque</strong></span> <span class='ocrx_word' id='word_1_24' title='bbox 719 487 886 528; x_wconf 85' lang='lat' dir='ltr'><strong>operam</strong></span> <span class='ocrx_word' id='word_1_25' title='bbox 915 475 957 516; x_wconf 93' lang='lat' dir='ltr'><strong>in</strong></span> <span class='ocrx_word' id='word_1_26' title='bbox 985 474 1148 516; x_wconf 86' lang='lat' dir='ltr'><strong>edendo</strong></span> <span class='ocrx_word' id='word_1_27' title='bbox 1172 473 1409 516; x_wconf 86' lang='lat' dir='ltr'>Scholiasta</span> <span class='ocrx_word' id='word_1_28' title='bbox 1431 485 1508 515; x_wconf 87' lang='lat' dir='ltr'><strong>na·</strong></span> 
     </span>
     <span class='ocr_line' id='line_1_5' title="bbox 197 542 1506 598; baseline -0.004 -10"><span class='ocrx_word' id='word_1_29' title='bbox 197 557 296 588; x_wconf 86' lang='lat' dir='ltr'><strong>vare</strong></span> <span class='ocrx_word' id='word_1_30' title='bbox 333 558 523 598; x_wconf 90' lang='lat' dir='ltr'><strong>possem.</strong></span> <span class='ocrx_word' id='word_1_31' title='bbox 584 547 785 598; x_wconf 88' lang='lat' dir='ltr'><strong>Cumque</strong></span> <span class='ocrx_word' id='word_1_32' title='bbox 823 547 979 597; x_wconf 76' lang='lat' dir='ltr'><strong>sciret,</strong></span> <span class='ocrx_word' id='word_1_33' title='bbox 1011 547 1121 589; x_wconf 87' lang='lat' dir='ltr'><strong>duos</strong></span> <span class='ocrx_word' id='word_1_34' title='bbox 1150 544 1386 588; x_wconf 87' lang='lat' dir='ltr'><strong>novissimo</strong></span> <span class='ocrx_word' id='word_1_35' title='bbox 1420 542 1506 584; x_wconf 90' lang='lat' dir='ltr'><strong>hoe</strong></span> 
     </span>
     <span class='ocr_line' id='line_1_6' title="bbox 205 615 1508 671; baseline -0.002 -14"><span class='ocrx_word' id='word_1_36' title='bbox 205 625 397 669; x_wconf 88' lang='lat' dir='ltr'><strong>tempore</strong></span> <span class='ocrx_word' id='word_1_37' title='bbox 424 628 540 658; x_wconf 89' lang='lat' dir='ltr'><strong>meos</strong></span> <span class='ocrx_word' id='word_1_38' title='bbox 579 616 680 661; x_wconf 88' lang='lat' dir='ltr'><strong>ferri</strong></span> <span class='ocrx_word' id='word_1_39' title='bbox 706 617 942 671; x_wconf 86' lang='lat' dir='ltr'><strong>discipulos</strong></span> <span class='ocrx_word' id='word_1_40' title='bbox 969 617 1011 659; x_wconf 91' lang='lat' dir='ltr'><strong>in</strong></span> <span class='ocrx_word' id='word_1_41' title='bbox 1035 616 1196 659; x_wconf 88' lang='lat' dir='ltr'><strong>Literis</strong></span> <span class='ocrx_word' id='word_1_42' title='bbox 1220 615 1387 671; x_wconf 84' lang='lat' dir='ltr'><strong>egregie</strong></span> <span class='ocrx_word' id='word_1_43' title='bbox 1411 626 1508 656; x_wconf 89' lang='lat' dir='ltr'><strong>ver-</strong></span> 
     </span>
     <span class='ocr_line' id='line_1_7' title="bbox 203 687 1504 740; baseline -0.001 -11"><span class='ocrx_word' id='word_1_44' title='bbox 203 698 350 740; x_wconf 81' lang='lat' dir='ltr'><strong>satos,</strong></span> <span class='ocrx_word' id='word_1_45' title='bbox 395 699 435 730; x_wconf 90' lang='lat' dir='ltr'><strong>et</strong></span> <span class='ocrx_word' id='word_1_46' title='bbox 481 690 678 732; x_wconf 89' lang='lat' dir='ltr'><strong>ornandis</strong></span> <span class='ocrx_word' id='word_1_47' title='bbox 730 689 996 731; x_wconf 84' lang='lat' dir='ltr'><strong>Academicis</strong></span> <span class='ocrx_word' id='word_1_48' title='bbox 1037 687 1248 730; x_wconf 85' lang='lat' dir='ltr'><strong>cathedris</strong></span> <span class='ocrx_word' id='word_1_49' title='bbox 1295 687 1504 740; x_wconf 86' lang='lat' dir='ltr'><strong>idoneos;</strong></span> 
     </span>
     <span class='ocr_line' id='line_1_8' title="bbox 197 758 1509 810; baseline -0.002 -10"><span class='ocrx_word' id='word_1_50' title='bbox 197 759 374 801; x_wconf 87' lang='lat' dir='ltr'><strong>alterum</strong></span> <span class='ocrx_word' id='word_1_51' title='bbox 411 760 688 803; x_wconf 86' lang='lat' dir='ltr'><strong>Guiliehnum</strong></span> <span class='ocrx_word' id='word_1_52' title='bbox 725 761 994 804; x_wconf 86' lang='lat' dir='ltr'><strong>Leonardum</strong></span> <span class='ocrx_word' id='word_1_53' title='bbox 1043 759 1233 810; x_wconf 82' lang='lat' dir='ltr'><strong>Mahne,</strong></span> <span class='ocrx_word' id='word_1_54' title='bbox 1278 758 1509 799; x_wconf 88' lang='lat' dir='ltr'><strong>Rectorem</strong></span> 
     </span>
     <span class='ocr_line' id='line_1_9' title="bbox 204 827 1510 887; baseline -0.002 -15"><span class='ocrx_word' id='word_1_55' title='bbox 204 830 385 873; x_wconf 88' lang='lat' dir='ltr'><strong>Scholae</strong></span> <span class='ocrx_word' id='word_1_56' title='bbox 413 832 758 887; x_wconf 84' lang='lat' dir='ltr'><strong>Amisfurtanae‚</strong></span> <span class='ocrx_word' id='word_1_57' title='bbox 793 837 950 877; x_wconf 88' lang='lat' dir='ltr'><strong>clarum</strong></span> <span class='ocrx_word' id='word_1_58' title='bbox 980 830 1088 872; x_wconf 86' lang='lat' dir='ltr'><strong>edita</strong></span> <span class='ocrx_word' id='word_1_59' title='bbox 1113 827 1306 871; x_wconf 85' lang='lat' dir='ltr'><strong>Diatrihe</strong></span> <span class='ocrx_word' id='word_1_60' title='bbox 1331 828 1382 870; x_wconf 91' lang='lat' dir='ltr'><strong>de</strong></span> <span class='ocrx_word' id='word_1_61' title='bbox 1409 827 1510 869; x_wconf 90' lang='lat' dir='ltr'><strong>Ari-</strong></span> 
     </span>
     <span class='ocr_line' id='line_1_10' title="bbox 200 899 1510 962; baseline -0.002 -18"><span class='ocrx_word' id='word_1_62' title='bbox 200 911 380 945; x_wconf 83' lang='lat' dir='ltr'><strong>stoxeno</strong></span> <span class='ocrx_word' id='word_1_63' title='bbox 407 905 568 957; x_wconf 83' lang='lat'>(127):</span> <span class='ocrx_word' id='word_1_64' title='bbox 595 908 772 948; x_wconf 85' lang='lat' dir='ltr'><strong>alterurn</strong></span> <span class='ocrx_word' id='word_1_65' title='bbox 790 907 1024 962; x_wconf 75' lang='lat' dir='ltr'><strong>johannem</strong></span> <span class='ocrx_word' id='word_1_66' title='bbox 1046 903 1119 944; x_wconf 90' lang='lat' dir='ltr'><strong>der</strong></span> <span class='ocrx_word' id='word_1_67' title='bbox 1133 899 1372 950; x_wconf 84' lang='lat' dir='ltr'><strong>Kinderen,</strong></span> <span class='ocrx_word' id='word_1_68' title='bbox 1398 911 1510 941; x_wconf 91' lang='lat' dir='ltr'><strong>non-</strong></span> 
     </span>
     <span class='ocr_line' id='line_1_11' title="bbox 202 971 1508 1029; baseline -0.012 -1"><span class='ocrx_word' id='word_1_69' title='bbox 202 973 300 1014; x_wconf 76' lang='lat' dir='ltr'><strong>dum</strong></span> <span class='ocrx_word' id='word_1_70' title='bbox 325 973 492 1026; x_wconf 81' lang='lat' dir='ltr'><strong>quidem</strong></span> <span class='ocrx_word' id='word_1_71' title='bbox 518 975 635 1018; x_wconf 86' lang='lat' dir='ltr'><strong>illum</strong></span> <span class='ocrx_word' id='word_1_72' title='bbox 660 977 805 1029; x_wconf 86' lang='lat' dir='ltr'><strong>aliquo</strong></span> <span class='ocrx_word' id='word_1_73' title='bbox 833 989 1008 1020; x_wconf 85' lang='lat' dir='ltr'><strong>munere</strong></span> <span class='ocrx_word' id='word_1_74' title='bbox 1031 985 1103 1016; x_wconf 89' lang='lat' dir='ltr'><strong>aut</strong></span> <span class='ocrx_word' id='word_1_75' title='bbox 1127 972 1240 1014; x_wconf 89' lang='lat' dir='ltr'><strong>edito</strong></span> <span class='ocrx_word' id='word_1_76' title='bbox 1266 971 1377 1012; x_wconf 87' lang='lat' dir='ltr'><strong>libro</strong></span> <span class='ocrx_word' id='word_1_77' title='bbox 1402 983 1508 1012; x_wconf 90' lang='lat' dir='ltr'><strong>con-</strong></span> 
     </span>
     <span class='ocr_line' id='line_1_12' title="bbox 201 1040 1510 1100; baseline -0.002 -14"><span class='ocrx_word' id='word_1_78' title='bbox 201 1044 400 1097; x_wconf 85' lang='lat' dir='ltr'><strong>spicuum</strong></span> <span class='ocrx_word' id='word_1_79' title='bbox 417 1076 432 1097; x_wconf 83' lang='lat'>,</span> <span class='ocrx_word' id='word_1_80' title='bbox 461 1047 536 1088; x_wconf 90' lang='lat' dir='ltr'><strong>sed</strong></span> <span class='ocrx_word' id='word_1_81' title='bbox 564 1049 776 1100; x_wconf 85' lang='lat' dir='ltr'><strong>praeclara</strong></span> <span class='ocrx_word' id='word_1_82' title='bbox 807 1047 1043 1089; x_wconf 90' lang='lat' dir='ltr'><strong>studiorum</strong></span> <span class='ocrx_word' id='word_1_83' title='bbox 1072 1054 1112 1086; x_wconf 88' lang='lat' dir='ltr'><strong>et</strong></span> <span class='ocrx_word' id='word_1_84' title='bbox 1124 1042 1262 1085; x_wconf 86' lang='lat' dir='ltr'><strong>variae</strong></span> <span class='ocrx_word' id='word_1_85' title='bbox 1288 1040 1414 1082; x_wconf 90' lang='lat' dir='ltr'><strong>simul</strong></span> <span class='ocrx_word' id='word_1_86' title='bbox 1440 1053 1510 1084; x_wconf 85' lang='lat' dir='ltr'><strong>ac-</strong></span> 
     </span>
     <span class='ocr_line' id='line_1_13' title="bbox 199 1115 1512 1168; baseline -0.002 -12"><span class='ocrx_word' id='word_1_87' title='bbox 199 1125 453 1168; x_wconf 86' lang='lat' dir='ltr'><strong>curataeque</strong></span> <span class='ocrx_word' id='word_1_88' title='bbox 486 1116 702 1160; x_wconf 86' lang='lat' dir='ltr'><strong>doctrinae</strong></span> <span class='ocrx_word' id='word_1_89' title='bbox 739 1118 860 1159; x_wconf 83' lang='lat' dir='ltr'><strong>laude</strong></span> <span class='ocrx_word' id='word_1_90' title='bbox 887 1117 1136 1160; x_wconf 86' lang='lat' dir='ltr'><strong>florentem:</strong></span> <span class='ocrx_word' id='word_1_91' title='bbox 1170 1115 1322 1156; x_wconf 88' lang='lat' dir='ltr'><strong>horum</strong></span> <span class='ocrx_word' id='word_1_92' title='bbox 1352 1115 1512 1155; x_wconf 86' lang='lat' dir='ltr'><strong>alteru-</strong></span> 
     </span>
     <span class='ocr_line' id='line_1_14' title="bbox 200 1183 1509 1245; baseline 0 -18"><span class='ocrx_word' id='word_1_93' title='bbox 200 1194 312 1228; x_wconf 87' lang='lat' dir='ltr'><strong>trum</strong></span> <span class='ocrx_word' id='word_1_94' title='bbox 340 1187 385 1230; x_wconf 91' lang='lat' dir='ltr'><strong>in</strong></span> <span class='ocrx_word' id='word_1_95' title='bbox 412 1187 573 1231; x_wconf 87' lang='lat' dir='ltr'><strong>Graeca</strong></span> <span class='ocrx_word' id='word_1_96' title='bbox 599 1191 727 1245; x_wconf 78' lang='lat' dir='ltr'><strong>huJus</strong></span> <span class='ocrx_word' id='word_1_97' title='bbox 753 1188 1002 1232; x_wconf 84' lang='lat' dir='ltr'><strong>Academiae</strong></span> <span class='ocrx_word' id='word_1_98' title='bbox 1028 1188 1224 1230; x_wconf 86' lang='lat' dir='ltr'><strong>cathedra</strong></span> <span class='ocrx_word' id='word_1_99' title='bbox 1257 1183 1361 1240; x_wconf 90' lang='lat' dir='ltr'><strong>poni</strong></span> <span class='ocrx_word' id='word_1_100' title='bbox 1387 1192 1509 1236; x_wconf 84' lang='lat' dir='ltr'><strong>opta-</strong></span> 
     </span>
     <span class='ocr_line' id='line_1_15' title="bbox 200 1254 1508 1316; baseline -0.004 -15"><span class='ocrx_word' id='word_1_101' title='bbox 200 1257 300 1310; x_wconf 83' lang='lat' dir='ltr'><strong>bat,</strong></span> <span class='ocrx_word' id='word_1_102' title='bbox 345 1270 392 1302; x_wconf 93' lang='lat' dir='ltr'><strong>ut</strong></span> <span class='ocrx_word' id='word_1_103' title='bbox 425 1261 599 1305; x_wconf 86' lang='lat' dir='ltr'><strong>haberet</strong></span> <span class='ocrx_word' id='word_1_104' title='bbox 630 1264 868 1316; x_wconf 77' lang='lat' dir='ltr'><strong>collegam,</strong></span> <span class='ocrx_word' id='word_1_105' title='bbox 911 1263 1036 1316; x_wconf 86' lang='lat' dir='ltr'><strong>cujus</strong></span> <span class='ocrx_word' id='word_1_106' title='bbox 1066 1273 1195 1314; x_wconf 87' lang='lat' dir='ltr'><strong>opera</strong></span> <span class='ocrx_word' id='word_1_107' title='bbox 1225 1268 1436 1309; x_wconf 85' lang='lat' dir='ltr'><strong>manuque</strong></span> <span class='ocrx_word' id='word_1_108' title='bbox 1463 1254 1508 1296; x_wconf 90' lang='lat' dir='ltr'><strong>in</strong></span> 
     </span>
     <span class='ocr_line' id='line_1_16' title="bbox 195 1330 1596 1386; baseline -0.003 -15"><span class='ocrx_word' id='word_1_109' title='bbox 195 1330 518 1374; x_wconf 82' lang='lat' dir='ltr'><strong>conscribendis</strong></span> <span class='ocrx_word' id='word_1_110' title='bbox 538 1332 993 1376; x_wconf 86' lang='lat' dir='ltr'><strong>Animadversionibus</strong></span> <span class='ocrx_word' id='word_1_111' title='bbox 1020 1332 1071 1372; x_wconf 87' lang='lat' dir='ltr'><strong>ad</strong></span> <span class='ocrx_word' id='word_1_112' title='bbox 1101 1331 1382 1373; x_wconf 87' lang='lat' dir='ltr'><strong>Scholiastam</strong></span> <span class='ocrx_word' id='word_1_113' title='bbox 1412 1336 1596 1386; x_wconf 77' lang='lat' dir='ltr'><strong>ute-278</strong></span> 
     </span>
     <span class='ocr_line' id='line_1_17' title="bbox 198 1399 1506 1460; baseline -0.002 -17"><span class='ocrx_word' id='word_1_114' title='bbox 198 1411 333 1446; x_wconf 86' lang='lat' dir='ltr'><strong>retur.</strong></span> <span class='ocrx_word' id='word_1_115' title='bbox 396 1404 665 1460; x_wconf 87' lang='lat' dir='ltr'><strong>Quamquam</strong></span> <span class='ocrx_word' id='word_1_116' title='bbox 703 1405 747 1448; x_wconf 90' lang='lat' dir='ltr'><strong>in</strong></span> <span class='ocrx_word' id='word_1_117' title='bbox 785 1416 969 1458; x_wconf 89' lang='lat' dir='ltr'><strong>utroque</strong></span> <span class='ocrx_word' id='word_1_118' title='bbox 1005 1402 1163 1445; x_wconf 84' lang='lat' dir='ltr'><strong>frustra</strong></span> <span class='ocrx_word' id='word_1_119' title='bbox 1203 1400 1394 1456; x_wconf 89' lang='lat' dir='ltr'><strong>optavit:</strong></span> <span class='ocrx_word' id='word_1_120' title='bbox 1428 1399 1506 1441; x_wconf 90' lang='lat' dir='ltr'><strong>illo</strong></span> 
     </span>
     <span class='ocr_line' id='line_1_18' title="bbox 199 1471 1510 1529; baseline 0.001 -14"><span class='ocrx_word' id='word_1_121' title='bbox 199 1485 319 1516; x_wconf 89' lang='lat' dir='ltr'><strong>suam</strong></span> <span class='ocrx_word' id='word_1_122' title='bbox 359 1477 584 1520; x_wconf 87' lang='lat' dir='ltr'><strong>stationem</strong></span> <span class='ocrx_word' id='word_1_123' title='bbox 625 1477 724 1519; x_wconf 87' lang='lat' dir='ltr'><strong>huic</strong></span> <span class='ocrx_word' id='word_1_124' title='bbox 761 1486 1070 1529; x_wconf 85' lang='lat' dir='ltr'><strong>anteponente:</strong></span> <span class='ocrx_word' id='word_1_125' title='bbox 1119 1475 1201 1516; x_wconf 89' lang='lat' dir='ltr'><strong>hoc</strong></span> <span class='ocrx_word' id='word_1_126' title='bbox 1240 1473 1402 1515; x_wconf 87' lang='lat' dir='ltr'><strong>discere</strong></span> <span class='ocrx_word' id='word_1_127' title='bbox 1437 1471 1510 1516; x_wconf 77' lang='lat' dir='ltr'><strong>ad-</strong></span> 
     </span>
     <span class='ocr_line' id='line_1_19' title="bbox 201 1544 1508 1601; baseline -0.002 -14"><span class='ocrx_word' id='word_1_128' title='bbox 201 1546 317 1599; x_wconf 80' lang='lat' dir='ltr'><strong>huc,</strong></span> <span class='ocrx_word' id='word_1_129' title='bbox 351 1561 474 1600; x_wconf 86' lang='lat' dir='ltr'><strong>quam</strong></span> <span class='ocrx_word' id='word_1_130' title='bbox 507 1550 691 1601; x_wconf 80' lang='lat' dir='ltr'><strong>docere,</strong></span> <span class='ocrx_word' id='word_1_131' title='bbox 725 1551 932 1591; x_wconf 89' lang='lat' dir='ltr'><strong>male-nte:</strong></span> <span class='ocrx_word' id='word_1_132' title='bbox 967 1556 1176 1590; x_wconf 88' lang='lat' dir='ltr'><strong>caeterum</strong></span> <span class='ocrx_word' id='word_1_133' title='bbox 1217 1544 1270 1587; x_wconf 87' lang='lat' dir='ltr'><strong>iis</strong></span> <span class='ocrx_word' id='word_1_134' title='bbox 1301 1557 1400 1586; x_wconf 86' lang='lat' dir='ltr'><strong>mox</strong></span> <span class='ocrx_word' id='word_1_135' title='bbox 1428 1557 1508 1597; x_wconf 86' lang='lat' dir='ltr'><strong>pu·-</strong></span> 
     </span>
     <span class='ocr_line' id='line_1_20' title="bbox 199 1618 1508 1672; baseline -0.003 -12"><span class='ocrx_word' id='word_1_136' title='bbox 199 1618 313 1661; x_wconf 91' lang='lat' dir='ltr'><strong>blice</strong></span> <span class='ocrx_word' id='word_1_137' title='bbox 337 1619 741 1663; x_wconf 88' lang='lat' dir='ltr'><strong>commutationibus</strong></span> <span class='ocrx_word' id='word_1_138' title='bbox 766 1621 926 1663; x_wconf 81' lang='lat' dir='ltr'><strong>secutis</strong></span> <span class='ocrx_word' id='word_1_139' title='bbox 945 1651 960 1672; x_wconf 85' lang='lat'>‚</span> <span class='ocrx_word' id='word_1_140' title='bbox 993 1629 1041 1661; x_wconf 91' lang='lat' dir='ltr'><strong>ut</strong></span> <span class='ocrx_word' id='word_1_141' title='bbox 1074 1627 1224 1660; x_wconf 88' lang='lat' dir='ltr'><strong>neuter</strong></span> <span class='ocrx_word' id='word_1_142' title='bbox 1259 1628 1403 1658; x_wconf 87' lang='lat' dir='ltr'><strong>eorum</strong></span> <span class='ocrx_word' id='word_1_143' title='bbox 1428 1628 1508 1656; x_wconf 89' lang='lat' dir='ltr'><strong>vo-</strong></span> 
     </span>
     <span class='ocr_line' id='line_1_21' title="bbox 200 1688 1508 1743; baseline -0.003 -11"><span class='ocrx_word' id='word_1_144' title='bbox 200 1701 380 1735; x_wconf 87' lang='lat' dir='ltr'><strong>caretur.</strong></span> <span class='ocrx_word' id='word_1_145' title='bbox 453 1691 609 1743; x_wconf 89' lang='lat' dir='ltr'><strong>Neque</strong></span> <span class='ocrx_word' id='word_1_146' title='bbox 648 1700 785 1732; x_wconf 89' lang='lat' dir='ltr'><strong>tamen</strong></span> <span class='ocrx_word' id='word_1_147' title='bbox 824 1691 876 1731; x_wconf 91' lang='lat' dir='ltr'><strong>de</strong></span> <span class='ocrx_word' id='word_1_148' title='bbox 908 1688 1147 1731; x_wconf 83' lang='lat' dir='ltr'><strong>Scholiasta</strong></span> <span class='ocrx_word' id='word_1_149' title='bbox 1187 1688 1348 1730; x_wconf 89' lang='lat' dir='ltr'><strong>edendo</strong></span> <span class='ocrx_word' id='word_1_150' title='bbox 1386 1700 1508 1741; x_wconf 84' lang='lat' dir='ltr'><strong>spem</strong></span> 
     </span>
     <span class='ocr_line' id='line_1_22' title="bbox 201 1758 1511 1818; baseline -0.003 -13"><span class='ocrx_word' id='word_1_151' title='bbox 201 1763 426 1818; x_wconf 90' lang='lat' dir='ltr'><strong>abjiciebat</strong></span> <span class='ocrx_word' id='word_1_152' title='bbox 445 1795 459 1816; x_wconf 79' lang='lat'>‚</span> <span class='ocrx_word' id='word_1_153' title='bbox 492 1773 605 1805; x_wconf 91' lang='lat' dir='ltr'><strong>certe</strong></span> <span class='ocrx_word' id='word_1_154' title='bbox 633 1761 683 1802; x_wconf 88' lang='lat' dir='ltr'><strong>de</strong></span> <span class='ocrx_word' id='word_1_155' title='bbox 723 1774 774 1802; x_wconf 92' lang='lat' dir='ltr'><strong>eo</strong></span> <span class='ocrx_word' id='word_1_156' title='bbox 808 1760 994 1815; x_wconf 84' lang='lat' dir='ltr'><strong>cogitare</strong></span> <span class='ocrx_word' id='word_1_157' title='bbox 1026 1772 1113 1802; x_wconf 91' lang='lat' dir='ltr'><strong>non</strong></span> <span class='ocrx_word' id='word_1_158' title='bbox 1140 1758 1392 1812; x_wconf 87' lang='lat' dir='ltr'><strong>desinebat,</strong></span> <span class='ocrx_word' id='word_1_159' title='bbox 1424 1758 1511 1802; x_wconf 83' lang='lat' dir='ltr'><strong>fre-</strong></span> 
     </span>
     <span class='ocr_line' id='line_1_23' title="bbox 200 1836 779 1889; baseline -0.002 -13"><span class='ocrx_word' id='word_1_160' title='bbox 200 1846 378 1888; x_wconf 88' lang='lat' dir='ltr'><strong>quenter</strong></span> <span class='ocrx_word' id='word_1_161' title='bbox 407 1836 513 1878; x_wconf 87' lang='lat' dir='ltr'><strong>illud</strong></span> <span class='ocrx_word' id='word_1_162' title='bbox 539 1847 779 1889; x_wconf 82' lang='lat' dir='ltr'><strong>usurpans,</strong></span> 
     </span>
    </p>
   </div>
   <div class='ocr_carea' id='block_1_3' title="bbox 249 1917 1472 1966">
    <p class='ocr_par' dir='ltr' id='par_1_3' title="bbox 249 1917 1472 1966">
     <span class='ocr_line' id='line_1_24' title="bbox 249 1917 1472 1966; baseline 0 -7"><span class='ocrx_word' id='word_1_163' title='bbox 249 1922 472 1959; x_wconf 85' lang='lat' dir='ltr'><strong>Extremum</strong></span> <span class='ocrx_word' id='word_1_164' title='bbox 493 1921 592 1958; x_wconf 89' lang='lat' dir='ltr'><strong>hunc</strong></span> <span class='ocrx_word' id='word_1_165' title='bbox 616 1921 797 1959; x_wconf 86' lang='lat' dir='ltr'><strong>Arethusa</strong></span> <span class='ocrx_word' id='word_1_166' title='bbox 819 1919 905 1955; x_wconf 87' lang='lat' dir='ltr'><strong>mihi</strong></span> <span class='ocrx_word' id='word_1_167' title='bbox 931 1917 1098 1956; x_wconf 84' lang='lat' dir='ltr'><strong>concede</strong></span> <span class='ocrx_word' id='word_1_168' title='bbox 1119 1919 1283 1956; x_wconf 83' lang='lat' dir='ltr'><strong>laborem</strong></span> <span class='ocrx_word' id='word_1_169' title='bbox 1315 1917 1419 1966; x_wconf 76' lang='lat'>(128</span> <span class='ocrx_word' id='word_1_170' title='bbox 1436 1917 1472 1966; x_wconf 87' lang='lat'><strong>).</strong></span> 
     </span>
    </p>
   </div>
   <div class='ocr_carea' id='block_1_4' title="bbox 195 1994 1508 2269">
    <p class='ocr_par' dir='ltr' id='par_1_4' title="bbox 195 1994 1508 2269">
     <span class='ocr_line' id='line_1_25' title="bbox 251 1994 1506 2054; baseline -0.004 -11"><span class='ocrx_word' id='word_1_171' title='bbox 251 1999 418 2047; x_wconf 83' lang='lat' dir='ltr'><strong>Interea</strong></span> <span class='ocrx_word' id='word_1_172' title='bbox 457 2001 675 2049; x_wconf 76' lang='lat' dir='ltr'><strong>levabatur</strong></span> <span class='ocrx_word' id='word_1_173' title='bbox 712 2009 896 2054; x_wconf 82' lang='lat' dir='ltr'><strong>pectus,</strong></span> <span class='ocrx_word' id='word_1_174' title='bbox 940 1997 1134 2051; x_wconf 79' lang='lat' dir='ltr'><strong>hydrope</strong></span> <span class='ocrx_word' id='word_1_175' title='bbox 1181 1997 1232 2039; x_wconf 88' lang='lat' dir='ltr'><strong>ad</strong></span> <span class='ocrx_word' id='word_1_176' title='bbox 1281 1994 1506 2039; x_wconf 87' lang='lat' dir='ltr'><strong>inferiores</strong></span> 
     </span>
     <span class='ocr_line' id='line_1_26' title="bbox 198 2069 1508 2129; baseline -0.003 -16"><span class='ocrx_word' id='word_1_177' title='bbox 198 2081 338 2124; x_wconf 89' lang='lat' dir='ltr'><strong>partes</strong></span> <span class='ocrx_word' id='word_1_178' title='bbox 369 2074 679 2126; x_wconf 85' lang='lat' dir='ltr'><strong>descendente,</strong></span> <span class='ocrx_word' id='word_1_179' title='bbox 712 2082 896 2124; x_wconf 84' lang='lat' dir='ltr'><strong>ortoque</strong></span> <span class='ocrx_word' id='word_1_180' title='bbox 928 2069 1025 2111; x_wconf 86' lang='lat' dir='ltr'><strong>inde</strong></span> <span class='ocrx_word' id='word_1_181' title='bbox 1057 2069 1212 2129; x_wconf 86' lang='lat' dir='ltr'><strong>pedum</strong></span> <span class='ocrx_word' id='word_1_182' title='bbox 1246 2081 1508 2122; x_wconf 88' lang='lat' dir='ltr'><strong>crurumque</strong></span> 
     </span>
     <span class='ocr_line' id='line_1_27' title="bbox 196 2142 1505 2199; baseline -0.001 -14"><span class='ocrx_word' id='word_1_183' title='bbox 196 2153 394 2196; x_wconf 74' lang='lat' dir='ltr'><strong>tumore3</strong></span> <span class='ocrx_word' id='word_1_184' title='bbox 427 2147 498 2199; x_wconf 89' lang='lat' dir='ltr'><strong>qui</strong></span> <span class='ocrx_word' id='word_1_185' title='bbox 525 2147 561 2189; x_wconf 91' lang='lat' dir='ltr'><strong>si</strong></span> <span class='ocrx_word' id='word_1_186' title='bbox 589 2146 816 2196; x_wconf 81' lang='lat' dir='ltr'><strong>resedisset</strong></span> <span class='ocrx_word' id='word_1_187' title='bbox 833 2174 847 2194; x_wconf 87' lang='lat'><strong>.,</strong></span> <span class='ocrx_word' id='word_1_188' title='bbox 871 2153 918 2184; x_wconf 90' lang='lat' dir='ltr'><strong>ut</strong></span> <span class='ocrx_word' id='word_1_189' title='bbox 943 2142 1071 2196; x_wconf 88' lang='lat' dir='ltr'><strong>pedes</strong></span> <span class='ocrx_word' id='word_1_190' title='bbox 1097 2142 1271 2185; x_wconf 88' lang='lat' dir='ltr'><strong>calceari</strong></span> <span class='ocrx_word' id='word_1_191' title='bbox 1296 2152 1505 2196; x_wconf 86' lang='lat' dir='ltr'><strong>possent,</strong></span> 
     </span>
     <span class='ocr_line' id='line_1_28' title="bbox 195 2213 1505 2269; baseline -0.001 -14"><span class='ocrx_word' id='word_1_192' title='bbox 195 2213 310 2258; x_wconf 86' lang='lat' dir='ltr'><strong>foras</strong></span> <span class='ocrx_word' id='word_1_193' title='bbox 349 2218 558 2260; x_wconf 84' lang='lat' dir='ltr'><strong>ambulare</strong></span> <span class='ocrx_word' id='word_1_194' title='bbox 583 2217 871 2261; x_wconf 82' lang='lat' dir='ltr'><strong>constituebat</strong></span> <span class='ocrx_word' id='word_1_195' title='bbox 890 2246 905 2269; x_wconf 82' lang='lat'>‚</span> <span class='ocrx_word' id='word_1_196' title='bbox 938 2217 1019 2257; x_wconf 90' lang='lat' dir='ltr'><strong>hoc</strong></span> <span class='ocrx_word' id='word_1_197' title='bbox 1049 2228 1177 2259; x_wconf 84' lang='lat' dir='ltr'><strong>unum</strong></span> <span class='ocrx_word' id='word_1_198' title='bbox 1205 2215 1257 2256; x_wconf 79' lang='lat' dir='ltr'><strong>ad</strong></span> <span class='ocrx_word' id='word_1_199' title='bbox 1283 2214 1505 2256; x_wconf 79' lang='lat' dir='ltr'><strong>sanitatem</strong></span> 
     </span>
    </p>
   </div>
   <div class='ocr_carea' id='block_1_5' title="bbox 197 2282 1510 2407">
    <p class='ocr_par' dir='ltr' id='par_1_5' title="bbox 197 2282 1510 2407">
     <span class='ocr_line' id='line_1_29' title="bbox 197 2282 1508 2345; baseline -0.005 -19"><span class='ocrx_word' id='word_1_200' title='bbox 197 2285 341 2329; x_wconf 66' lang='lat' dir='ltr'><strong>deesse</strong></span> <span class='ocrx_word' id='word_1_201' title='bbox 380 2288 462 2330; x_wconf 90' lang='lat' dir='ltr'><strong>sibi</strong></span> <span class='ocrx_word' id='word_1_202' title='bbox 496 2299 668 2344; x_wconf 89' lang='lat' dir='ltr'><strong>putans.</strong></span> <span class='ocrx_word' id='word_1_203' title='bbox 726 2289 817 2345; x_wconf 86' lang='lat' dir='ltr'><strong>Jam</strong></span> <span class='ocrx_word' id='word_1_204' title='bbox 856 2289 1058 2341; x_wconf 82' lang='lat' dir='ltr'><strong>scholas,</strong></span> <span class='ocrx_word' id='word_1_205' title='bbox 1102 2300 1178 2342; x_wconf 86' lang='lat' dir='ltr'><strong>per</strong></span> <span class='ocrx_word' id='word_1_206' title='bbox 1208 2285 1387 2328; x_wconf 86' lang='lat' dir='ltr'><strong>hiemem</strong></span> <span class='ocrx_word' id='word_1_207' title='bbox 1429 2282 1508 2325; x_wconf 90' lang='lat' dir='ltr'><strong>ali..</strong></span> 
     </span>
     <span class='ocr_line' id='line_1_30' title="bbox 1216 2367 1510 2407; baseline 0.007 -12"><span class='ocrx_word' id='word_1_208' title='bbox 1216 2370 1218 2373; x_wconf 60' lang='grc'>’</span> <span class='ocrx_word' id='word_1_209' title='bbox 1400 2367 1510 2407; x_wconf 90' lang='lat' dir='ltr'><strong>quo-</strong></span> 
     </span>
    </p>
   </div>
   <div class='ocr_carea' id='block_1_6' title="bbox 193 2482 1505 2733">
    <p class='ocr_par' dir='ltr' id='par_1_6' title="bbox 193 2482 1505 2733">
     <span class='ocr_line' id='line_1_31' title="bbox 240 2482 1505 2536; baseline -0.002 -11"><span class='ocrx_word' id='word_1_210' title='bbox 240 2482 383 2536; x_wconf 62' lang='lat'>(1271)</span> <span class='ocrx_word' id='word_1_211' title='bbox 425 2488 717 2536; x_wconf 81' lang='lat' dir='ltr'><strong>Amstelodami,</strong></span> <span class='ocrx_word' id='word_1_212' title='bbox 763 2487 890 2526; x_wconf 86' lang='lat' dir='ltr'><strong>forma&#39;</strong></span> <span class='ocrx_word' id='word_1_213' title='bbox 923 2497 1087 2530; x_wconf 88' lang='lat' dir='ltr'><strong>octava,</strong></span> <span class='ocrx_word' id='word_1_214' title='bbox 1117 2483 1240 2532; x_wconf 60' lang='lat' dir='ltr'><strong>&#39;jtypis</strong></span> <span class='ocrx_word' id='word_1_215' title='bbox 1288 2484 1389 2523; x_wconf 88' lang='lat' dir='ltr'><strong>Petri</strong></span> <span class='ocrx_word' id='word_1_216' title='bbox 1433 2482 1505 2522; x_wconf 90' lang='lat' dir='ltr'><strong>den</strong></span> 
     </span>
     <span class='ocr_line' id='line_1_32' title="bbox 193 2551 577 2604; baseline -0.008 -14"><span class='ocrx_word' id='word_1_217' title='bbox 193 2551 362 2601; x_wconf 72' lang='lat' dir='ltr'><strong>Herrgst,</strong></span> <span class='ocrx_word' id='word_1_218' title='bbox 391 2557 438 2594; x_wconf 83' lang='grc' dir='ltr'><strong>Α,</strong></span> <span class='ocrx_word' id='word_1_219' title='bbox 467 2565 577 2604; x_wconf 82' lang='lat'>¹793-</span> 
     </span>
     <span class='ocr_line' id='line_1_33' title="bbox 243 2616 877 2671; baseline 0.002 -14"><span class='ocrx_word' id='word_1_220' title='bbox 243 2616 390 2671; x_wconf 71' lang='grc'><strong>(128)</strong></span> <span class='ocrx_word' id='word_1_221' title='bbox 422 2621 552 2669; x_wconf 66' lang='lat' dir='ltr'><strong>Vugii.</strong></span> <span class='ocrx_word' id='word_1_222' title='bbox 581 2622 720 2669; x_wconf 78' lang='lat' dir='ltr'><strong>Eclog.</strong></span> <span class='ocrx_word' id='word_1_223' title='bbox 749 2621 780 2659; x_wconf 77' lang='lat' dir='ltr'>X</span> <span class='ocrx_word' id='word_1_224' title='bbox 799 2649 810 2668; x_wconf 88' lang='lat'><strong>,</strong></span> <span class='ocrx_word' id='word_1_225' title='bbox 841 2629 877 2658; x_wconf 77' lang='lat'><strong>1·</strong></span> 
     </span>
     <span class='ocr_line' id='line_1_34' title="bbox 802 2681 1011 2733; baseline 0.005 -43"><span class='ocrx_word' id='word_1_226' title='bbox 802 2687 808 2690; x_wconf 79' lang='grc'><strong>.</strong></span> <span class='ocrx_word' id='word_1_227' title='bbox 914 2681 952 2724; x_wconf 51' lang='lat' dir='ltr'><strong>Vl!</strong></span> <span class='ocrx_word' id='word_1_228' title='bbox 985 2690 1011 2733; x_wconf 75' lang='grc'><strong><em>5</em></strong></span> 
     </span>
    </p>
   </div>
   <div class='ocr_carea' id='block_1_7' title="bbox 378 2786 569 2809">
    <p class='ocr_par' dir='ltr' id='par_1_7' title="bbox 378 2786 569 2809">
     <span class='ocr_line' id='line_1_35' title="bbox 378 2786 569 2809; baseline 0.005 -1"><span class='ocrx_word' id='word_1_229' title='bbox 378 2795 512 2809; x_wconf 49' lang='lat' dir='ltr'><strong>Q...-</strong></span> <span class='ocrx_word' id='word_1_230' title='bbox 502 2786 569 2809; x_wconf 64' lang='grc'><strong>-.-.;.·</strong></span> 
     </span>
    </p>
   </div>
  </div>
 </body>
</html>
