1879 3160
308 207 385 245 xvl
670 186 1253 240 PRAEFATIO.

314 320 388 365 siis
417 324 582 365 causam
619 318 832 360 exstitisse
861 315 1064 361 diximus.
1123 317 1294 362 Etenim
1320 317 1414 371 quis
1445 327 1509 362 est
1538 310 1614 374 qui

312 398 507 452 ignoret,
542 395 636 447 quis
662 392 734 445 qui
759 401 914 446 neget,
950 393 1154 447 quidquid
1182 396 1225 438 in
1258 394 1331 437 illo
1362 407 1511 449 genere
1534 404 1614 439 un-

315 486 438 527 quam
469 471 673 523 scriptum
709 467 791 521 sit,
825 477 891 512 eas
926 471 1055 524 longo
1086 470 1306 514 intervallo
1337 483 1437 524 post
1468 483 1513 512 se
1546 483 1611 513 re-v

312 547 520 602 liquisse3
555 554 595 585 et
616 553 823 596 tamquam
845 545 1013 587 Phidiae
1044 546 1177 601 signis
1201 545 1373 590 artificis
1400 555 1618 599 praestan-·

312 625 410 666 tiam
430 653 446 675 ,
488 620 560 662 sic
584 618 965 663 Hemsterhusiano
998 622 1155 677 Elogio
1193 622 1379 666 auctoris
1409 621 1615 670 Ruhnkea·

309 699 408 750 nii,
451 693 762 737 Ruhnkeniana
808 694 912 736 Vita
954 695 1276 750 WVyttenbachii
1313 698 1523 752 cognitam
1575 705 1619 739 et

313 781 540 828 spectatam
576 768 676 811 esse
703 768 884 812 divinam
921 770 1079 826 ingenii
1113 773 1325 827 animique
1367 772 1621 827 magnitudi-

314 848 444 893 nem?
501 847 666 889 Verum
698 858 751 889 ne
779 854 934 889 temere
971 858 1145 904 vagetur
1177 847 1408 901 disputatio
1436 859 1617 902 nostra,-

315 923 460 980 paucis
479 922 680 975 deinceps
707 921 924 965 videamus
957 923 1009 966 de
1041 923 1263 976 utriusque
1287 922 1421 965 libelli
1448 923 1616 976 causis,

315 1000 529 1053 consilio,
559 998 734 1049 indole,
764 997 1016 1051 praestantia
1044 997 1225 1050 denique
1255 1008 1296 1040 et
1318 998 1518 1041 utilitate.

370 1077 437 1120 Ac
469 1075 521 1117 de
548 1075 684 1116 causis
712 1071 878 1126 quidem
905 1072 942 1115 si
974 1083 1228 1127 quaeratur,
1260 1072 1484 1126 utriusque
1510 1072 1617 1114 scri-

315 1148 477 1206 ptionis
507 1149 668 1192 easdem
695 1147 810 1201 fere,
846 1158 918 1191 aut
942 1148 1100 1193 similes
1130 1159 1242 1190 certe
1267 1146 1405 1190 fuisse
1435 1147 1618 1202 reperies

315 1236 429 1269 mus.
488 1221 706 1266 Habuerat
727 1222 1010 1268 Ruhnkenius
1029 1234 1345 1279 praeceptorem
1365 1222 1470 1266 Tib.
1488 1223 1618 1264 Hem-

316 1298 573 1346 sterhusium
589 1330 604 1353 ,
628 1300 816 1343 divinum
842 1300 977 1344 virum
994 1333 1010 1355 ,
1041 1314 1083 1344 et
1104 1311 1275 1355 paterna
1303 1300 1353 1342 ab
1379 1299 1474 1354 ipso
1489 1298 1622 1353 pieta-

316 1388 358 1420 te
387 1378 566 1421 cultum.
625 1375 755 1420 Hunc
779 1379 908 1420 semel
931 1376 1018 1420 vita
1044 1375 1236 1419 functum
1265 1375 1462 1427 laudare,
1493 1375 1620 1429 hujus

318 1454 528 1496 celebrare
554 1452 730 1506 merita,
770 1454 898 1510 hujus
928 1452 1244 1504 incredibilem,
1274 1453 1358 1505 qua
1396 1453 1613 1502 eluxerat,

316 1529 476 1584 ingenii
518 1529 818 1582 doctrinaeque
848 1528 935 1571 vim
973 1528 1193 1571 ostendere
1217 1557 1232 1579 ,
1274 1527 1387 1570 hunc
1425 1526 1623 1569 omnibus

316 1605 554 1649 Literarum
581 1603 817 1647 cultoribus
858 1603 1104 1647 imitandum
1136 1615 1410 1657 proponere,
1439 1603 1521 1657 Jam
1547 1601 1625 1642 du-

322 1681 419 1723 dum
452 1692 595 1721 secum
635 1679 915 1723 constitutum
947 1680 1301 1734 propositumque
1337 1678 1420 1720 sibi
1462 1677 1621 1718 habue-

321 1767 411 1810 rat3
441 1768 569 1809 quum
586 1786 601 1808 ,
628 1768 754 1808 ecce,
780 1767 889 1797 anno
915 1764 1017 1808 post
1040 1752 1355 1795 Hemsterhusii
1383 1751 1545 1793 obitum
1570 1753 1627 1794 al⁴

321 1843 446 1885 tero,
493 1830 566 1883 qui
601 1829 685 1872 fuit
726 1831 863 1884 1767,
905 1831 956 1872 ad
988 1829 1126 1884 ipsum
1161 1828 1396 1871 deferretur
1435 1836 1627 1868 summus

321 1906 571 1954 Academiae
604 1904 899 1958 Magistratus.
962 1905 1062 1961 Quo
1101 1914 1203 1960 post
1236 1903 1333 1946 anni
1361 1903 1628 1945 intervallum

326 1984 527 2029 defuncto
553 1993 680 2034 quum
709 1978 792 2033 ipsi
820 1980 1016 2034 proximo
1055 1994 1198 2023 mense
1221 1977 1449 2022 Februario
1480 1979 1586 2030 1768
1609 2007 1626 2030 ,

324 2073 442 2104 more
477 2060 711 2114 majorum,
756 2055 923 2098 solenni
957 2056 1146 2099 oratione
1176 2055 1398 2107 habenda,
1432 2054 1628 2096 seceden-⁵

326 2134 424 2180 dum
449 2145 590 2189 esset,
625 2135 730 2176 hanc
765 2133 938 2185 primam
975 2132 1146 2186 publice
1185 2130 1349 2174 dicendi
1378 2129 1632 2184 opportuni⁴

327 2223 454 2256 tatem
486 2221 662 2263 nactus,
695 2208 799 2251 dixit
829 2206 878 2249 de
917 2207 1260 2260 Hemsterhusio,
1294 2207 1337 2250 in
1373 2218 1510 2258 eoque
1534 2212 1633 2260 per·

318 2288 480 2344 factam
531 2287 681 2329 Critici
702 2284 892 2340 formam
930 2283 1194 2341 spectandam
1235 2281 1438 2326 exhibuit.
1510 2279 1631 2322 Hanc

329 2377 433 2408 vero
471 2360 749 2415 Orationem,
781 2361 1054 2404 suadentibus
1087 2370 1134 2402 ut
1166 2372 1251 2401 eam
1278 2359 1419 2400 ederet
1453 2355 1630 2406 amicis,

336 2440 565 2494 quominus
599 2440 730 2480 semel
764 2440 872 2480 lecta
908 2437 952 2480 in
998 2436 1260 2480 oblivionem
1296 2434 1454 2486 abiret,
1500 2431 1632 2485 prima

335 2516 474 2558 statim
503 2513 686 2556 editione
711 2546 727 2569 ,
759 2524 919 2557 mutato
945 2512 1163 2556 Orationis
1201 2510 1374 2562 habitu,
1407 2509 1450 2550 in
1486 2504 1633 2558 Elogii

335 2593 512 2636 formam
538 2590 715 2644 redegit.
761 2591 877 2634 Haec
902 2590 993 2645 ipse
1015 2588 1170 2633 fatetur
1199 2587 1241 2631 in
1262 2585 1410 2638 brevi,
1443 2593 1565 2635 quam
1593 2579 1631 2620 ei

1512 2666 1631 2709 prae-

1807 1434 1821 1549 ‘’r-2

1806 1765 1826 2229 fisca-,W
1812 1631 1816 1643 -v

1875 1529 1879 1568 ,ν-
1873 1466 1879 1492 ⁴·
1876 1394 1879 1416 -
1874 1314 1879 1342 ,-.,
1872 1240 1879 1266 ι,
1868 1163 1879 1206 κὴ
1878 1107 1879 1115 ᾼ
