1879 3160
367 219 552 269 VITA
603 223 662 270 D.
717 218 1178 266 RUHNKENII.
1347 231 1436 276 225

117 347 256 392 siones
298 348 611 402 interpretum,
656 344 834 397 Colvii,
876 343 1120 397 Wowcrii,
1168 342 1428 397 stewechii,

117 419 462 472 Elmenhorstii,
499 427 539 460 et
573 417 749 459 aliorum
783 415 958 470 adjecit:
1006 416 1048 460 in
1087 414 1345 470 praefatione
1376 414 1429 456 de

118 490 328 546 Appuleji
368 489 585 539 dictione,
631 487 682 529 de
716 486 1013 541 ‘Oudendorpii
1044 500 1172 541 opera
1209 496 1251 529 et
1288 485 1429 528 subsi-

117 562 230 615 diis,
275 572 358 605 tam
399 560 624 614 diligenter
660 559 958 614 eleganterque
993 560 1225 614 exposuit,
1255 567 1305 600 ut
1328 557 1430 600 haee

123 642 299 687 quoque
323 631 366 674 in
391 630 613 674 celebratis
639 633 847 675 censenda
873 631 927 675 sit
946 630 1299 686 praefationibus.
1343 628 1430 671 Re·

116 704 232 757 liqua
269 703 475 759 Appuleji
499 716 596 758 pars
632 702 766 744 adhuc
800 701 844 743 in
881 702 1048 745 scriniis
1079 702 1351 745 continetur:
1387 708 1429 741 et

124 784 189 819 est
211 789 311 819 sane
336 776 486 819 idonea
509 772 679 816 materia
696 803 710 825 ,
743 771 786 813 in
807 783 888 825 qua
912 772 1125 814 tractanda
1147 785 1193 814 ac
1213 772 1430 825 prodenda

125 847 281 888 doctus
317 847 471 900 aliquis
512 843 680 903 Juvenis
716 843 933 886 doctrinae
966 842 1152 885 fructum
1178 846 1431 897 laudemque

118 927 424 971 consequatur.
482 919 610 962 Plura
644 917 695 957 de
723 916 804 956 hoc
829 914 941 956 libro
972 914 1156 956 diximus
1189 913 1230 955 in
1260 914 1432 956 relatio-

121 1002 204 1042 ne,
250 987 444 1043 quamvis
482 987 631 1041 brevi,
663 985 955 1029 Bibliothecae
997 983 1183 1027 Criticae
1221 984 1328 1027 Vol.
1353 985 1430 1030 ΠΙ.

116 1063 232 1107 Part.
258 1061 294 1104 I.

177 1133 292 1175 Idem
333 1120 370 1172 ei
397 1140 565 1184 tempus
609 1129 856 1175 conciliavit
896 1127 1091 1171 notitiam
1121 1125 1433 1180 amicitiamque

119 1203 184 1246 G.
213 1201 267 1245 L.
301 1201 565 1256 Spaldingii,
599 1201 780 1258 eleganti
805 1201 976 1255 ingenio
1005 1198 1285 1251 doctrinaque
1309 1201 1434 1255 J'uve-

119 1275 218 1328 nis,
252 1288 327 1329 per
360 1275 528 1328 aliquot
553 1286 718 1316 menses
741 1273 854 1327 apud
874 1285 954 1315 nos
982 1271 1308 1327 peregrinantis.
1365 1272 1434 1314 De

125 1355 213 1400 quo
255 1358 386 1399 quum
427 1345 537 1387 idem
578 1342 803 1396 utriusque
843 1354 1040 1387 nostrum
1081 1344 1211 1387 fuerit
1248 1356 1434 1396 sensus,

123 1429 210 1460 non
249 1424 426 1470 possum
468 1415 607 1458 facere
642 1413 746 1466 quin
773 1426 983 1468 apponam
1025 1415 1165 1456 locum
1193 1427 1242 1456 cx
1268 1417 1357 1471 eJus
1384 1415 1435 1458 ad

123 1496 190 1528 me
212 1488 305 1528 data
337 1486 517 1538 epistola
542 1497 685 1526 mense
709 1483 956 1527 Novembre
974 1486 1071 1528 anni
1093 1487 1202 1539 1786
1218 1501 1229 1529 ι
1280 1518 1306 1540 ,,
1323 1488 1427 1530 Non
1444 1509 1524 1552 194

125 1556 276 1598 dubito
290 1556 319 1574 ’⁹
366 1556 506 1610 inquit
552 1586 578 1608 „
606 1554 708 1607 quin
731 1568 874 1609 ¹saepe
919 1555 1077 1599 videris
1121 1557 1432 1611 Spaldingium.

125 1629 168 1672 Is
193 1629 362 1683 ingenio
390 1638 432 1670 et
457 1625 715 1670 humanitate
749 1640 823 1669 sua
851 1640 916 1669 me
944 1626 1120 1669 mirifice
1148 1628 1277 1682 cepit.
1337 1629 1438 1672 Uti-

125 1713 221 1744 nam
259 1700 356 1744 talis
381 1699 582 1755 juvenis,
617 1697 748 1740 misso
778 1698 920 1740 studio
952 1698 1253 1753 Theologico,
1287 1712 1333 1742 se
1366 1710 1435 1743 to..

123 1780 213 1814 tum
245 1771 405 1814 Literis
441 1768 601 1812 nostris
631 1769 808 1815 dicaret.
826 1770 856 1788 ’'
920 1770 1046 1811 Haud
1073 1783 1227 1813 vanum
1254 1770 1336 1813 fuit
1357 1784 1435 1826 op-

123 1850 273 1885 tatum.
335 1843 412 1885 Ille
450 1853 549 1882 mox
587 1840 813 1883 Professor
845 1840 1070 1894 Gymnasii
1108 1842 1433 1886 Berolinocolo·

123 1910 282 1955 niensis
321 1909 459 1954 factus
480 1943 494 1964 ,
537 1912 788 1966 Literisque
828 1912 990 1955 nostris
1025 1913 1292 1967 vindicatus,
1324 1914 1435 1956 bene

124 1984 176 2026 de
200 1984 251 2026 iis
280 1981 433 2024 meruit
455 1984 738 2038 complurium
767 1983 971 2026 librorum
996 1985 1260 2039 scriptione,
1293 1996 1334 2029 et
1356 1999 1434 2029 nu-

125 2069 202 2111 per
225 2055 424 2110 perdocta
446 2053 733 2112 Quinctiliani
758 2053 942 2098 editione
957 2087 972 2110 ,
1005 2059 1126 2113 qu'us
1148 2057 1331 2112 primum
1358 2071 1436 2102 vo-

121 2128 268 2169 lumen
310 2125 531 2178 superiore
571 2137 682 2168 anno
713 2126 930 2180 (1798),
965 2140 1016 2170 eo
1045 2128 1172 2183 ipso,
1209 2142 1295 2182 quo
1322 2140 1438 2171 mor-

124 2206 226 2239 tuus
255 2205 319 2236 est
341 2195 625 2240 Ruhnkenius
643 2229 656 2249 ,
689 2197 874 2250 prodiit:
908 2200 959 2241 de
985 2213 1070 2253 quo
1109 2200 1218 2253 quid*
1238 2198 1438 2253 Spaldin-

126 2268 221 2322 gius
251 2266 294 2308 in
323 2267 585 2319 praefatione
623 2270 847 2322 posuerit,
889 2284 977 2314 non
1005 2272 1283 2316 omittendum
1313 2269 1432 2312 vide·

124 2351 216 2383 tur.
272 2339 459 2381 Primum
486 2337 600 2380 illius
626 2337 767 2381 literas
794 2341 844 2382 ad
872 2354 916 2383 se
942 2342 985 2384 d.
1013 2353 1068 2384 ⁴20
1091 2342 1270 2385 Octobr.
1301 2355 1429 2397 1793.

124 2413 238 2455 datas
266 2409 395 2452 refert
416 2408 519 2451 has:
571 2438 596 2458 „
621 2406 890 2454 Bibliotheca
926 2413 1152 2456 Leidensis
1189 2413 1268 2454 tibi
1298 2423 1362 2455 tot
1386 2426 1434 2457 ac

124 2491 239 2526 tanta
279 2481 340 2523 rei
382 2478 491 2519 bene
530 2478 731 2531 gerendae
780 2482 987 2534 praesidia
1023 2484 1343 2538 suppeditabit,
1385 2495 1436 2527 ut

127 2563 340 2606 praeterea
365 2563 453 2594 non
478 2549 534 2592 ita
557 2553 735 2594 multum
762 2553 1060 2606 requirendum
1086 2555 1290 2599 videatur.
1322 2556 1434 2599 Nam

127 2633 230 2679 post
254 2615 410 2669 editum
437 2622 460 2666 a
481 2622 724 2668 Burmanno
747 2623 1086 2681 Quinctilianum
1104 2660 1118 2684 ,
1144 2629 1187 2673 in
1211 2630 1443 2673 bibliothe-

875 2696 907 2739 P
1355 2711 1443 2743 cam
