1879 3160
345 214 429 259 314
629 193 1366 244 ANNOTATIOAD

346 323 440 368 sius
476 322 706 365 verborum
742 316 896 373 optimi
926 317 1199 372 interpretis,
1231 318 1420 362 dicamus
1454 322 1553 364 loco
1585 321 1654 364 in-

346 394 414 438 fra
438 395 564 446 hujus
603 390 737 444 Elog.
772 404 819 444 p.
844 403 927 445 73:
968 389 1036 433 Ac
1073 391 1230 441 nescia,
1260 388 1464 444 majorino
1481 393 1649 446 gloriae

347 469 404 508 sit
442 462 751 504 Hemsterlutsio
769 490 786 512 ,
827 460 1081 502 Bentinckiis
1101 461 1309 517 placuisse
1323 491 1338 514 ,
1369 475 1428 503 an
1451 461 1648 506 Bentinc-

345 536 426 578 kiis
461 531 766 573 Hemsterhccsii
795 533 974 574 virtutes
998 531 1265 576 intellexisse.
1307 531 1384 575 ubi
1406 535 1536 575 neseio
1555 546 1647 575 ma·

333 606 506 663 jorine,
538 603 630 645 sive
663 604 793 644 neseio
824 617 882 644 cm
917 602 1102 657 majori,
1137 602 1301 657 gloriae
1333 605 1418 655 sit,
1450 601 1533 644 nisi
1568 615 1650 656 pro

342 673 466 718 credo
504 673 659 727 majori
677 675 841 728 gloriae
875 686 955 716 esse
983 672 1194 726 accipias,
1226 673 1490 716 commodius
1518 673 1643 715 etiam

343 745 605 799 intelligetur
632 743 774 787 dubito
808 753 952 786 utram
991 743 1143 798 majori
1163 744 1328 799 gloriae
1353 747 1427 788 sit.
1488 744 1650 801 Quam-

345 829 504 871 quam,
542 816 712 870 fateor,
756 828 903 869 magna
937 814 982 858 in
1013 815 1170 857 talibus
1197 815 1406 858 imitandis
1449 816 1649 859 cautione

346 901 458 942 opus
496 896 588 930 est:
632 899 712 932 nec
747 898 902 929 temere
939 887 1191 929 credendum
1221 895 1293 928 aut
1326 885 1492 940 vulgari
1525 887 1651 938 eique

344 957 515 1012 saepius
551 970 775 1013 corruptae
811 967 1001 1001 veterum
1039 958 1246 1000 librorum
1276 957 1535 1010 set-immae,
1579 967 1653 999 aut

345 1043 501 1086 pravae
548 1032 800 1084 plerumque
842 1027 1126 1072 recentiorum
1170 1029 1323 1078 Latine
1369 1027 1646 1070 scribentium

344 1101 659 1146 consuetudini.
717 1101 970 1152 Postremo,
1004 1101 1138 1152 quid?
1172 1099 1289 1153 quod
1318 1099 1432 1152 apud
1457 1097 1650 1140 Graecos

345 1173 498 1224 etiam,
532 1184 642 1225 quos
678 1168 846 1212 dicendi
881 1168 1106 1222 magistros
1143 1170 1349 1214 Romanis
1386 1170 1521 1213 fuisse
1543 1183 1649 1213 con-

345 1254 460 1297 stat,
501 1243 686 1286 formula
723 1244 792 1286 οὐκ
820 1237 893 1284 οἷδ’
916 1238 980 1291 εἷ,
1013 1252 1101 1282 non
1132 1250 1296 1282 tantum
1326 1241 1570 1285 dubitanter
1604 1251 1646 1284 et

345 1317 537 1359 modeste
569 1311 810 1357 affirmantis
844 1320 933 1362 est,
964 1320 1012 1352 ut
1048 1312 1161 1364 apud
1197 1312 1527 1365 Xenophontem
1556 1311 1650 1367 Cy·

345 1401 446 1441 rop-
477 1386 600 1429 VIII.
625 1401 688 1440 4,
723 1387 800 1427 16:
845 1385 900 1426 τὰ
934 1384 975 1426 δὲ
1010 1383 1270 1436 ἐκπώματα,
1310 1384 1420 1436 ἔφη,
1464 1388 1533 1429 οὐκ
1568 1384 1645 1429 οἷδ’

343 1461 378 1504 εἶ
419 1461 632 1512 Χρυσάντᾳ
668 1457 794 1508 τούτῳ
838 1455 888 1497 δῶ
913 1466 927 1481 ·
959 1452 1113 1508 pocula
1146 1464 1243 1494 vero
1265 1481 1282 1504 ,
1325 1454 1490 1507 inquit,
1530 1453 1650 1495 haud

343 1531 423 1572 seio
449 1542 506 1570 an
521 1526 780 1580 Chrysantae
803 1524 899 1566 huie
925 1522 1098 1565 tradam
1115 1553 1131 1576 ,
1161 1522 1194 1564 i.
1221 1535 1260 1564 e.
1283 1521 1372 1564 fere
1395 1524 1580 1566 adducor
1603 1533 1652 1566 ut

345 1599 385 1642 ei
409 1599 523 1641 dono
544 1597 664 1639 dem:
698 1597 773 1639 sed
802 1595 981 1639 subinde
1015 1595 1137 1638 etiam
1173 1594 1422 1648 simpliciter
1456 1593 1657 1637 dubitan-

344 1671 404 1714 tis
436 1681 529 1723 est,
563 1679 613 1711 ut
648 1668 762 1722 apud
797 1667 986 1709 eumdem
1007 1698 1023 1719 ‚
1070 1666 1140 1720 V,
1172 1680 1230 1719 4,
1265 1676 1345 1709 12:
1393 1665 1436 1707 οὗ
1460 1666 1525 1716 μοὶ
1555 1665 1650 1712 τοὺς

345 1744 483 1794 θεοὺς,
527 1740 554 1785 ὦ
580 1743 705 1792 Κῦρε,
737 1740 772 1782 εἰ
800 1735 871 1788 ἦν,
902 1736 975 1785 οἷος
999 1738 1101 1792 ἔφυν
1125 1739 1169 1790 ἐξ
1188 1739 1350 1791 ἀρχῆς,
1394 1735 1462 1779 καὶ
1492 1735 1653 1779 ἐπαιδο-

342 1814 598 1867 ποιησάμην,
627 1815 698 1855 οὐκ
726 1808 839 1858 οἶδα,
871 1810 903 1853 εἰ
923 1808 1155 1861 ἐκτησάμην
1185 1808 1314 1852 παῖδά
1341 1807 1433 1852 ποτ’
1453 1807 1503 1851 ἂν
1528 1810 1652 1851 τοιοῦ-

342 1903 408 1931 τον
435 1888 518 1938 περὶ
551 1885 653 1936 ἐμὲ·
694 1882 906 1932 imfimo,
935 1891 1014 1936 per
1045 1878 1167 1932 deos,
1213 1883 1239 1922 ὅ
1263 1880 1397 1934 Cyre,·
1427 1882 1463 1921 si
1493 1893 1646 1930 essem,

344 1956 482 2012 qualis
500 1953 578 2008 faxi
613 1952 665 1995 ab
695 1954 847 2002 initio,
873 1950 936 2001 (i.
971 1963 1006 1990 c.
1039 1949 1122 1991 nisi
1155 1960 1360 1992 castratus
1382 1963 1546 1993 essem:
1581 1949 1645 1992 cf.

345 2029 405 2072 C.
431 2041 470 2081 3,
499 2028 540 2078 ἕ.
570 2037 638 2078 19.
655 2032 679 2075 )
721 2031 760 2063 ec
792 2022 938 2064 liberos
960 2030 1270 2077 procreassem‚
1302 2021 1421 2063 haud
1450 2024 1558 2073 scio,
1587 2035 1646 2063 tm

335 2099 476 2153 filium
514 2107 698 2153 {mquam
728 2102 874 2134 nactus
898 2106 1016 2134 essem
1031 2092 1158 2134 talem
1186 2107 1288 2148 erga
1314 2107 1405 2145 mc,
1438 2091 1470 2135 i.
1502 2105 1540 2135 e.
1569 2092 1648 2134 du-

343 2171 437 2213 bito
473 2170 525 2212 :In
555 2178 740 2220 unquam
777 2173 924 2206 nactus
957 2176 1117 2216 essem,
1159 2164 1250 2207 sive
1279 2165 1405 2206 credo
1433 2178 1498 2206 me
1539 2176 1650 2207 nun-

345 2253 470 2293 quam
516 2248 683 2281 nactum
728 2233 865 2277 fuisse
908 2235 1073 2287 filium,
1122 2235 1196 2287 qui
1245 2239 1368 2278 talem
1410 2247 1502 2277 sese
1544 2233 1650 2275 mihi

343 2319 591 2364 praestaret.
654 2307 770 2349 Haec
788 2338 803 2359 ‚
843 2307 886 2349 ni
915 2307 1070 2359 fallor,
1103 2309 1153 2349 ad
1181 2307 1431 2351 sententiam
1457 2315 1646 2350 nostram

339 2382 537 2423 tuendam
569 2379 805 2422 sufficient:
839 2391 917 2421 nec
948 2377 1219 2431 dubitamus,
1255 2378 1357 2432 quin
1391 2378 1557 2421 assidua
1579 2389 1646 2417 ea·

344 2465 428 2503 que
477 2451 629 2494 critica
666 2461 854 2492 veterum
891 2448 1074 2491 lectione
1119 2451 1332 2504 plurima,
1374 2464 1469 2493 cum
1510 2448 1643 2492 Grae·

340 2537 486 2564 corum
511 2554 526 2575 ‚
567 2534 657 2565 tum
695 2522 978 2575 Latinorum,
1022 2523 1288 2565 Scrintorum
1327 2526 1420 2566 loca
1462 2517 1644 2563 inveniri

344 2604 528 2647 queant,
564 2608 669 2646 quae
702 2607 789 2637 cam
830 2592 1002 2638 uberius
1039 2593 1323 2648 confirment,
1367 2604 1406 2637 ct
1434 2589 1644 2647 quaestio-

1547 2672 1641 2703 nem
