1879 3160
388 208 666 257 VITAM
725 208 1242 256 RUHNKENII.
1392 224 1476 269 373

166 332 337 378 aiiundc
359 333 381 388 (
400 336 460 388 ¹⁸¹)
485 346 659 388 quoque
682 332 852 388 cognita
886 333 1145 386 liberalitas,
1177 343 1217 377 et
1242 332 1470 389 singularis

169 404 215 449 in
250 405 585 458 Ruhnkenium‚
625 405 839 447 doctrinae
865 403 973 446 fama
1000 406 1220 449 florentem
1240 407 1468 461 juvenem,

166 477 457 520 benivolentia
479 508 495 531 ‚
534 476 585 520 ab
621 476 716 530 ipso
753 475 922 528 saepius
955 477 1206 529 praedicata.
1269 476 1346 520 Cf.
1391 478 1466 523 Cl.

166 548 297 591 Kidd.
336 549 476 593 Praef.
526 548 695 603 Opusc.
745 545 924 590 Ruhnk.
962 547 1045 590 Ed.
1079 548 1213 601 Angl.
1256 559 1305 601 p.
1336 559 1468 608 xxw,

163 628 206 661 et
234 618 375 661 Praef.
400 629 546 662 nostra
569 633 615 674 p.
644 632 746 662 ων.

221 689 272 731 Ρ.
306 700 376 732 21.
439 688 529 742 Ut,
559 688 700 744 quoad
724 699 890 747 posset,
921 688 974 731 ab
1014 689 1101 743 ejus
1122 689 1256 730 latere
1282 700 1361 731 mon
1385 686 1473 730 dis·

162 758 359 812 cederet,
400 774 472 803 nec
501 761 660 803 dictum
705 763 956 804 monitumvc
999 775 1021 803 e
1055 763 1160 803 senis
1195 773 1266 802 ore
1300 760 1468 810 exiret,

161 832 267 886 quin
305 829 356 873 id
385 834 590 889 exciperet
626 845 678 872 ac
706 830 825 884 fideli
846 833 1044 874 memoria
1070 829 1340 885 reponeret.]
1399 828 1470 871 De

161 913 210 953 se
254 901 349 955 ipse
390 903 544 946 Cicero
581 903 631 945 de
666 902 808 946 Amic.
850 915 891 945 c.
925 916 965 947 1.
1007 913 1101 943 sese
1133 901 1184 942 ad
1222 897 1472 943 Scaevolam

162 971 223 1014 ita
249 973 477 1016 deductum
515 973 599 1024 ait,
631 983 709 1027 ut,
739 972 879 1028 quoad
909 981 1044 1030 posset
1085 982 1124 1014 et
1151 972 1324 1024 liceret,
1352 985 1381 1013 a
1406 985 1470 1013 se-

162 1045 228 1086 nis
253 1045 386 1087 latere
426 1058 506 1087 non
543 1044 788 1088 discederet.
845 1045 1022 1098 Itaque,
1055 1040 1221 1094 inquit,
1255 1039 1392 1081 molta
1415 1038 1470 1082 ab

160 1128 205 1156 co
225 1114 461 1170 prudenter
485 1112 704 1171 disputata
722 1146 738 1167 ,
771 1116 909 1157 multa
938 1115 1065 1154 etiam
1089 1111 1276 1154 breviter
1297 1119 1336 1152 ot
1360 1123 1468 1152 com·

166 1184 281 1226 mode
309 1185 425 1228 dicta
440 1214 456 1237 ,
488 1189 710 1229 memoriae
742 1183 1026 1231 mandabam:
1047 1181 1226 1239 fierique
1253 1180 1469 1226 studebam

160 1253 248 1308 ejus
268 1254 504 1312 prudentia
528 1256 703 1301 doctior.

219 1327 271 1370 P.
311 1339 382 1370 αι’..
455 1327 605 1371 Omnes
650 1338 767 1371 artes
809 1341 861 1370 ao
901 1323 1143 1384 disciplinas
1190 1349 1243 1357 -—
1275 1324 1472 1379 floruisse

164 1397 282 1455 apud
317 1397 528 1441 Graecos:
557 1397 610 1441 ab
648 1400 712 1442 his
750 1396 812 1441 ad
849 1397 1087 1451 Romanos,
1119 1411 1147 1440 a
1180 1397 1384 1440 Romanis
1410 1395 1474 1439 ad

160 1471 265 1513 alios
303 1470 503 1526 Europae
544 1471 711 1526 populos
757 1470 912 1511 venisse
937 1498 954 1522 ,
996 1470 1117 1525 cet.]
1190 1469 1308 1512 Haec
1342 1467 1472 1510 latius

160 1540 254 1582 aliis
281 1541 390 1583 locis
428 1541 631 1594 persequi
667 1540 832 1584 solebat
870 1539 1264 1592 WVyttenbachius,
1305 1539 1351 1582 in
1381 1539 1472 1592 pri-

164 1611 242 1654 mis
268 1611 312 1654 in
335 1612 494 1655 scholis
521 1613 572 1654 de
597 1611 790 1654 Historia
811 1611 1050 1654 Literarum
1076 1621 1117 1654 et
1141 1610 1467 1664 Philosophiae,

163 1695 270 1735 quas
295 1681 522 1734 aliquando
547 1681 593 1725 in
613 1683 750 1724 lucem
783 1682 1002 1734 proditum
1027 1681 1079 1725 iri
1101 1694 1219 1735 spem
1250 1680 1377 1724 nobis
1403 1679 1470 1723 fe·-

159 1753 220 1795 cit
256 1753 330 1796 Cl.
360 1753 592 1805 Mahnius,
640 1753 733 1796 Vit.
776 1752 1006 1807 Wyttenb.
1050 1766 1096 1808 p.
1127 1765 1203 1806 114
1227 1765 1328 1807 sqq.
1397 1753 1467 1797 De

161 1836 207 1865 re
232 1823 323 1877 ipsa
348 1822 408 1865 cf.
436 1824 620 1876 ejusdem
648 1824 763 1868 Dial.
796 1824 921 1867 Crito
951 1837 997 1877 p.
1024 1826 1095 1879 78.

217 1895 267 1938 P.
301 1908 374 1948 23.
435 1894 699 1951 Scriptores,
730 1903 771 1938 ct
807 1908 979 1938 numero
1016 1895 1171 1946 multi,
1210 1904 1251 1936 et
1280 1897 1467 1938 materia

157 1968 277 2010 varii
301 1965 418 2021 cea]
477 1966 555 2008 Cf.
582 1979 709 2020 supra
733 1967 865 2020 Elog.
890 1966 1139 2011 Hemsterh.
1172 1978 1220 2023 p„
1242 1978 1269 2020 9
1297 1978 1368 2019 sq.

217 2037 326 2081 Ibid.
388 2035 617 2093 Corporeae
652 2039 892 2094 materiae]
953 2039 1002 2082 Id
1037 2048 1103 2081 est
1136 2036 1333 2079 materiae
1363 2038 1469 2082 soli-

159 2110 266 2161 dae,
300 2121 406 2162 quae
436 2118 477 2150 et
506 2107 599 2161 ipsa
628 2121 809 2163 corpore
849 2119 1050 2162 constat,
1083 2118 1125 2151 et
1152 2108 1349 2163 corporis
1371 2121 1468 2153 sen-

162 2177 309 2233 sibus,
351 2178 397 2224 in
443 2179 591 2234 primis
633 2180 730 2224 visu
769 2189 811 2226 et
843 2189 996 2236 tactu,
1037 2180 1290 2236 percipitur.
1359 2180 1464 2236 Quo

1369 2264 1468 2299 sen-

212 2353 312 2404 (*)
342 2353 556 2393 D'Orvillii
590 2357 898 2403 liberalitatem,
935 2366 1093 2408 praeter
1133 2357 1255 2401 alios,
1291 2355 1466 2401 ingenue

160 2417 286 2455 fassus
312 2427 396 2461 est,
425 2419 596 2467 iniquior
628 2433 744 2471 saepe
778 2425 940 2461 aliorum
973 2421 1122 2471 judex,
1151 2419 1185 2469 J.
1209 2418 1243 2466 Ῑ.
1271 2417 1462 2458 Reiskius

161 2483 200 2519 in
223 2493 288 2519 sua
313 2483 436 2529 ipsius
463 2482 550 2520 Viti.
582 2485 818 2523 Germanice
847 2487 1101 2534 conscripta,
1133 2483 1311 2530 pluribus
1339 2484 1464 2530 locis,

158 2546 261 2584 unde
303 2548 435 2583 retulit
475 2547 852 2596 Wassenberghius,
882 2550 917 2586 in
949 2550 1055 2586 libro
1080 2546 1258 2594 laudato,
1284 2545 1465 2589 Mnemon

160 2621 280 2663 syme,
308 2611 355 2654 T,
379 2610 490 2656 vul.
519 2625 559 2661 p.
585 2614 680 2659 308,
705 2622 778 2663 310
795 2640 806 2657 ,
835 2622 930 2658 329,
956 2613 1065 2652 alibi.

823 2678 900 2723 Aa
933 2689 955 2731 3
1448 2693 1470 2713 φ
