1879 3160
431 232 617 285 VITA
671 232 733 285 D.
790 229 1240 284 RUHNKENH.
1404 241 1505 301 ⁴287

183 363 307 415 Deos
343 367 605 411 immortales
646 367 733 422 ῥεῖα
772 363 947 418 ζῶοντας
991 364 1259 418 appellavitz
1306 372 1350 410 et
1385 363 1507 409 Stoi-

182 441 226 485 'ci
263 438 456 496 (115),
488 429 707 499 sapiente}
732 436 875 480 omnia
908 448 1035 490 quam
1067 435 1267 482 facillime
1291 448 1501 494 tractare,

182 512 547 568 pronunciatum.
621 511 671 554 In
712 507 887 552 homine
917 508 1090 562 quidem
1127 510 1186 553 ita
1217 510 1501 566 intelligitur,

185 594 237 628 ut
270 584 358 629 leni
397 593 439 627 et
466 583 656 627 secundo
688 581 811 635 quasi
847 582 951 626 flatu
976 583 1145 638 negotia
1167 584 1329 638 fluant,
1358 584 1404 628 in
1428 583 1505 628 iis⁴

187 670 273 711 que
301 655 530 701 tractandis
563 653 883 706 subeundisve,
914 653 1058 698 animo
1078 683 1094 707 ,
1124 667 1309 709 corpore
1327 687 1344 709 ,
1375 668 1507 712 agen·

184 730 274 783 do,
316 727 545 784 patiendo,
587 740 676 772 non
709 728 809 781 plus
844 738 998 780 operae
1032 726 1283 781 laborisque
1308 727 1506 772 adhibw

186 808 288 856 tur,
323 814 448 856 quam
482 810 686 853 quantum
709 809 886 842 necesse
908 806 973 840 est
994 810 1043 840 ac
1070 811 1137 841 res
1163 799 1256 852 ipsa
1280 802 1500 855 postulat3

186 882 230 917 et
255 873 300 916 in
323 873 435 916 vitae
460 883 672 926 tamquam
711 868 981 924 navigatione
1017 868 1126 910 velis
1154 869 1302 923 potius
1333 881 1503 915 utamur

188 956 314 996 quam
347 943 473 986 remis
492 970 507 996 ‚
538 954 779 997 ventosque
819 942 988 985 oblatos
1026 939 1112 983 levi
1136 953 1262 984 manu
1283 951 1326 984 et
1346 942 1505 996 guber-

186 1014 361 1058 natione
387 1012 431 1057 in
451 1027 536 1056 rem
559 1024 747 1057 nostram
775 1020 1096 1056 convertamus.
1145 1009 1293 1065 Haec,
1327 1013 1506 1058 &Grae-1»

185 1087 252 1129 cis
273 1086 386 1130 dicta
406 1088 568 1131 εὐκολία
584 1115 600 1137 ,
633 1096 681 1127 ut
705 1085 872 1137 virtus,
904 1082 1088 1126 medium
1113 1091 1228 1126 tenet
1262 1084 1374 1128 inter
1396 1087 1503 1130 duas

183 1157 418 1202 contrarias
444 1156 731 1209 vitiositates,
761 1157 1000 1207 δυσκολίαν,
1020 1166 1129 1208 quac
1154 1153 1269 1197 curis
1292 1155 1469 1199 nimium
1485 1188 1503 1211 ,

185 1238 230 1270 et
255 1228 494 1281 εὐχέρειαν,
527 1239 634 1279 quae
672 1239 824 1281 parum
859 1226 1057 1270 afficitur.
1118 1227 1190 1271 Ad
1223 1227 1337 1272 illam
1365 1229 1505 1274 virtu-

187 1307 272 1341 tem
303 1297 637 1350 felicitatemque
672 1308 768 1338 cum
808 1298 990 1340 multum
1029 1300 1143 1342 valet
1177 1298 1271 1353 ipsa
1292 1301 1507 1356 cujusque

184 1368 375 1414 hominis
416 1378 601 1423 natura,
633 1378 726 1412 tum
762 1382 865 1414 vero
899 1369 1135 1425 plurimum
1170 1368 1411 1414 futurarum
1439 1384 1507 1415 rea

1410 1449 1506 1487 rum

239 1567 262 1617 (
279 1576 293 1607 ι
308 1580 319 1606 ι
326 1567 385 1617 5)
412 1567 641 1618 Huiusmodi
661 1562 778 1607 fuisse
800 1564 1018 1608 Stoicorum
1035 1566 1272 1620 παράδοξον,
1288 1583 1375 1612 cum
1387 1573 1504 1614 aliun*

187 1631 235 1669 de
270 1632 440 1679 colligo,
478 1642 556 1670 tum
581 1634 602 1672 e
633 1635 822 1672 Cicerone
858 1635 895 1672 in
929 1634 1036 1676 Orat.
1066 1647 1137 1685 pro
1179 1637 1229 1676 L.
1257 1638 1378 1677 Corn.
1418 1639 1504 1677 Bal-

186 1696 240 1734 bo
256 1723 269 1743 ,
301 1707 316 1735 1
338 1725 351 1743 ‚
376 1710 428 1724 -·‘-
452 1697 624 1734 nonnulli
646 1698 770 1735 literis
796 1711 842 1737 ac
874 1699 1008 1737 studiis
1039 1701 1233 1740 doctrinae
1253 1701 1374 1741 dediti
1391 1707 1502 1752 quasi

182 1761 364 1808 quiddam
384 1761 604 1798 incredibile
624 1761 747 1798 dicere
766 1763 1034 1812 putabantur,
1060 1778 1143 1804 eum
1160 1795 1173 1813 ‚
1199 1769 1266 1815 qui
1282 1778 1400 1804 omnes
1413 1768 1503 1805 ania

186 1837 243 1862 mo
277 1828 441 1864 virtutes
472 1829 625 1873 penitus
655 1825 1006 1875 comprehendisset,
1043 1834 1168 1869 omnia
1202 1844 1300 1882 quae
1322 1831 1502 1881 faceret,-

178 1887 369 1937 f'acillime
397 1896 586 1929 tractare.
639 1890 756 1938 Quod
795 1902 871 1930 non
914 1905 1001 1933 cum
1039 1897 1218 1935 Manutio
1248 1906 1287 1935 et
1320 1895 1502 1936 Abramio

186 1952 359 1988 universe
382 1952 425 1988 ad
451 1954 542 1991 illud
566 1956 783 1994 Stoicorum
798 1985 809 2003 ‚
835 1962 1039 2007 sapientem
1070 1964 1233 2000 omnium
1250 1965 1398 2000 artium
1420 1963 1501 2003 doc-

184 2019 450 2065 trinarumque
464 2022 634 2066 peritum
653 2034 725 2060 esse
739 2050 751 2068 ,
777 2022 842 2061 sed
868 2033 995 2072 potius
1019 2022 1064 2060 ad
1089 2025 1280 2072 peculiare
1302 2025 1500 2066 decretum

184 2082 233 2119 de
257 2081 418 2133 εὐκολίᾳ
434 2108 445 2127 ,
472 2084 643 2126 referam.
695 2088 803 2126 Hanc
825 2090 928 2127 vitae
950 2089 1217 2136 actionumque
1250 2088 1467 2129 facilitatem
1483 2118 1498 2138 ,

186 2149 373 2185 vocabant
396 2148 484 2184 item
505 2148 671 2196 εὕροιειν,
699 2154 745 2191 τὸ
771 2150 993 2200 ἀκώλυτον,
1020 2157 1066 2194 ‘rb
1095 2154 1389 2203 ἀνεμπόδιστον.
1441 2157 1497 2196 Et

188 2222 246 2248 est
266 2211 409 2258 εὐροίας
436 2223 479 2249 ac
494 2213 709 2262 facilitatis
743 2218 948 2266 conjuncta
983 2229 1177 2268 potestas;
1204 2221 1234 2256 si
1262 2221 1414 2268 quidem
1446 2231 1495 2259 ex

184 2276 386 2316 verborum
415 2279 629 2325 notatione,
656 2285 769 2328 quam
794 2283 918 2321 Stoici
942 2285 1281 2329 consectabantur,
1306 2286 1410 2333 ῥεῖα,
1427 2283 1495 2334 faa

184 2342 277 2387 cile‚
305 2343 408 2378 venit
433 2352 451 2377 a
474 2345 570 2391 ξεῖν,
584 2338 714 2391 fluere.
769 2349 895 2396 Atque
917 2350 971 2387 sic
992 2349 1119 2396 potius
1139 2343 1385 2386 Homericum
1409 2348 1494 2397 522⁴ae

186 2407 373 2456 &mn-u,
401 2417 511 2454 quam
546 2410 722 2456 alterum,
749 2412 818 2461 ῥεῖ’
849 2414 962 2462 ἔγνων
986 2414 1192 2465 initiumq,
1215 2412 1398 2460 ‚accipere
1421 2403 1494 2450 de-

185 2470 324 2510 buisset
351 2469 574 2507 Heliodorus
600 2471 786 2522 Aethiop.
808 2476 894 2522 ΙΙΙ,
921 2489 961 2525 p.
979 2488 1061 2526 149.
1097 2477 1294 2515 Caeterum
1310 2504 1322 2522 ‚
1348 2475 1494 2524 εὔροιαν

181 2535 328 2574 Seneca
354 2533 479 2583 Epist.
508 2536 637 2581 CXX,
673 2538 722 2573 ita
746 2539 1001 2586 interpretatur
1017 2569 1029 2587 ‚
1055 2549 1096 2577 ut
1128 2545 1235 2591 plane
1254 2555 1341 2582 cum
1355 2543 1494 2593 facili-

185 2607 270 2637 tate
291 2600 513 2637 conveniat:
540 2600 640 2638 Hinc
661 2603 854 2640 intellecta
874 2614 929 2643 est
956 2607 1028 2646 illa
1059 2609 1174 2648 beata
1202 2613 1288 2648 vita
1302 2636 1317 2658 ,
1340 2609 1495 2655 secundo

183 2660 342 2707 defluens
362 2674 469 2701 cursu
486 2690 499 2711 ‚
525 2666 688 2705 arbitrii
716 2669 775 2706 sui
795 2674 893 2709 tota.

1614 449 1642 472 ‘f‘
1654 456 1684 472 μ’
