1879 3160
400 212 484 257 ω
658 194 842 245 v1TA
885 200 940 243 D.
989 188 1442 246 RUHN‘KENII.

302 308 352 344 '⁸¹¹‘
397 332 488 369 tum
521 323 712 365 codicum
743 327 931 366 veterum
967 323 1225 377 scriptorum
1248 353 1264 375 ,
1305 322 1536 366 editionum
1581 325 1700 379 prili-

397 397 538 449 cipum
561 424 576 446 ,
620 395 894 437 collationum
923 425 938 448 ,
980 398 1198 436 numerum
1226 397 1436 446 creverat,
1481 404 1528 437 ‘ut
1551 397 1595 439 in
1620 398 1697 439 hac

334 460 341 475 ⁴
396 469 502 511 urbe
541 478 637 508 cum
675 451 1166 526 ptib'lical,'contende1·e,
1201 469 1312 507 certe
1343 465 1495 518 privati
1527 479 1700 510 censum

392 537 598 589 'superare
637 535 880 579 videretur}
915 546 1045 592 porro
1072 539 1096 580 a
1122 532 1305 579 dominis
1341 535 1454 577 haud
1486 548 1609 578 secus
1639 545 1700 578 at-

392 608 482 660 'que
509 605 874 661 religiosissimum
903 619 943 651 et
968 610 1226 652 inaccessum
1250 606 1494 650 servabatur
1520 606 1663 650 fanum
1682 634 1699 660 ,

399 684 488 732 quo
526 678 685 722 nemini
717 692 804 721 non
841 674 967 721 modo
1001 676 1191 732 ingredi,
1239 680 1314 721 'sed
1349 681 1417 722 vel
1454 679 1700 733 adspirare,

394 748 560 795 liceret.
617 747 879 803 Vulgaribus
911 748 1119 802 editisque
1156 747 1276 790 libris
1309 751 1393 804 jam
1427 756 1524 792 ante
1551 751 1702 792 decen-

395 819 516 863 nium
556 819 774 873 venditis,
821 820 984 873 reliqua
1029 830 1155 874 pars,
1200 825 1282 873 qua
1329 821 1507 863 rariores
1555 825 1702 862 omnes

403 901 445 934 et
479 891 629 945 scripti
671 891 998 935 continebantur
1034 892 1158 945 libri,
1201 889 1510 945 necquidquam
1543 887 1705 943 ingenti

399 960 538 1015 pretio
580 961 791 1004 venditata
832 961 1061 1014 universa,
1104 969 1179 1016 per
1223 963 1459 1005 auctionem
1494 959 1705 1003 divendita

399 1039 465 1074 est
486 1030 658 1074 minimo
694 1030 738 1072 in
776 1031 971 1086 singulos
1005 1034 1139 1076 libros
1173 1040 1293 1088 aere,
1328 1031 1548 1075 hominum
1571 1032 1702 1084 vulgo

398 1102 552 1146 'studiis
576 1100 627 1144 ad
662 1104 880 1145 emendum
904 1100 1189 1159 frigentibus:
1234 1119 1329 1148 cum
1359 1106 1526 1158 quidem
1557 1099 1704 1156 paucis

400 1184 550 1229 postea
575 1173 752 1227 diebus,
777 1172 964 1217 mandata
989 1176 1240 1220 Catliarinae
1262 1178 1301 1220 Π
1317 1208 1333 1230 ,
1355 1177 1594 1218 Russorum
1611 1173 1706 1214 Au⁴

402 1257 580 1300 gustae,
611 1245 903 1300 adferrentur,
935 1249 1112 1300 amplam
1136 1247 1388 1302 dignamque
1406 1245 1522 1288 illius
1545 1241 1706 1298 magni·

402 1314 570 1361 ficentia
597 1318 814 1371 pecuniam
842 1318 1073 1362 offerentis,
1125 1320 1187 1362 Ita
1208 1314 1492 1359 Rulmkenius
1513 1315 1703 1359 occasio-

403 1398 459 1433 ne
503 1390 682 1431 solerter
719 1398 823 1433 usus
846 1421 861 1444 ,
906 1388 1125 1432 maximam
1173 1389 1458 1442 optimamque
1494 1387 1702 1430 librorum

403 1459 783 1503 Gronovianorum
826 1470 1016 1514 partem,
1049 1468 1179 1514 parvo
1221 1459 1390 1514 pretio,
1421 1457 1705 1500 bibliothecae

398 1527 793 1585 'Lugdunobatavae
816 1532 1066 1577 vindicavit.

462 1602 669 1657 Appuleji
693 1599 1042 1655 Oudendorpiani
1078 1611 1175 1657 pars
1209 1594 1582 1655 Metamorphoses
1604 1609 1708 1642 con-

405 1669 575 1725 tinens,
608 1682 684 1728 per
706 1675 886 1717 sedecim
913 1687 1047 1716 annos
1080 1673 1484 1729 chalcographorum
1511 1671 1705 1714 manibus

395 1746 583 1787 'tractata
612 1776 627 1798 ,
681 1747 847 1789 tandem
888 1748 1076 1801 (1786)
1120 1745 1280 1799 prodiit
1321 1755 1415 1785 cum
1449 1741 1707 1796 praefatione

408 1811 675 1861 Ruhnkenii.
732 1818 844 1859 Nam
871 1825 1001 1869 quum
1028 1815 1322 1869 Oudendorpii
1345 1814 1388 1857 in
1416 1813 1709 1868 Scriptoribus

396 1884 577 1928 'Latinis
602 1893 771 1940 operam
790 1917 804 1938 ,
835 1893 882 1929 ‘ut
916 1888 1082 1930 doctam
1116 1898 1156 1930 et
1189 1898 1450 1938 accuratam,
1482 1884 1618 1938 magni
1646 1882 1709 1926 fa-

396 1963 557 2007 ceret,
593 1956 766 1999 nolebat
789 1957 1048 2000 committere
1073 1970 1120 2001 ut
1145 1972 1254 2012 opus
1270 1989 1284 2010 ,
1307 1955 1349 1999 in
1375 1968 1460 2008 quo
1491 1952 1712 2007 expolien-

325 2028 467 2080 193d0
510 2025 582 2069 ille
616 2027 786 2081 triginta
824 2028 913 2070 fere
948 2043 1082 2072 annos
1124 2026 1455 2078 consumsisset,
1497 2023 1661 2066 diutius
1685 2021 1710 2066 a.

396 2097 584 2154 publica
625 2100 718 2140 luce
753 2109 793 2140 et
819 2100 999 2142 utilitate
1035 2099 1334 2151 cohiberetur,
1368 2096 1629 2150 petieratque
1657 2091 1708 2136 ab

413 2169 724 2225 Oudendorpio
754 2172 872 2223 filio,
906 2181 952 2213 ut
978 2169 1059 2212 sibi
1088 2169 1327 2212 facultatem
1364 2170 1479 2211 ciarct
1504 2163 1711 2221 Appulej‘i

413 2236 458 2283 in
491 2242 629 2282 lucem
669 2240 942 2295 proferendi:
978 2250 1110 2292 eaque
1139 2240 1358 2294 impetrata
1385 2237 1614 2291 facultate,
1647 2250 1713 2278 re-

414 2311 527 2364 perit
578 2311 793 2354 librarium
839 2310 912 2365 qui
956 2312 1160 2364 reciperet
1191 2342 1204 2362 ‚
1250 2324 1294 2352 se
1339 2307 1711 2362 metamorphosin

414 2382 553 2435 primo
593 2396 877 2435 excusurum,
910 2383 1089 2435 deinde,
1123 2382 1157 2424 si
1191 2385 1290 2424 haec
1328 2382 1506 2437 cupidos
1532 2386 1713 2420 emtores

416 2450 650 2496 invenisset
671 2486 685 2507 ,
730 2455 919 2509 reliquos
957 2455 1088 2497 libros
1113 2485 1129 2507 ,
1173 2452 1341 2496 Florida
1364 2483 1380 2505 ,
1422 2447 1673 2504 Apologiam
1695 2477 1710 2500 ,

413 2518 745 2579 Philoso'phica,
790 2528 1045 2570 additurum.
1118 2526 1250 2581 Igitur
1286 2518 1565 2566 Rulmkenius'
1600 2527 1719 2561 com-

417 2593 645 2636 mentarios
685 2596 980 2652 Oudendorpfi
1017 2597 1220 2652 digessit,
1252 2594 1437 2649 priorum
1463 2590 1721 2634 animadver-

1637 2674 1723 2712 :5102
