1879 3160
353 159 438 208 304
645 138 1240 193 ANNo'rAT1o
1295 157 1371 196 an·-

352 273 501 320 Cicer.
536 272 613 314 hac
646 279 772 312 voce.
828 267 1029 311 Ceterum
1049 297 1064 319 ,
1095 268 1344 312 sententiam
1384 283 1570 318 nostram
1600 271 1652 320 de

352 343 517 398 origine
546 353 567 381 a
587 339 753 381 Graeco
783 339 948 392 λόγων,
977 338 1199 382 confirmat
1219 345 1506 395 compositum
1533 358 1656 390 ante-

350 417 537 472 logium,
577 410 690 463 apud
727 409 923 452 Plautum
962 409 1007 452 in
1047 409 1374 466 Menaechmis,
1420 416 1561 468 quod,
1603 424 1654 459 ex

351 486 515 528 Graeca
553 479 681 523 simul
720 488 761 521 et
797 480 951 523 Latina
989 495 1094 524 voce
1131 484 1397 537 conflatum,
1439 497 1527 527 non
1562 497 1654 527 esse

351 553 512 595 dictum
542 563 624 604 pro
650 550 1000 603 ante-elogium,
1027 552 1101 595 sed
1124 552 1295 605 verius,
1326 565 1373 597 ut
1403 555 1460 597 ita
1488 555 1654 609 dicam,

351 623 656 674 ante-admoto,
701 619 888 675 ejusdem
937 619 1262 673 significationis
1299 637 1346 666 ac
1384 627 1655 683 prologium,

350 693 446 736 sive
480 691 707 749 prologus;
750 700 916 744 praeter
953 690 1158 734 Vossium
1205 693 1250 738 in
1288 696 1480 751 Etymol.
1522 699 1567 743 h.
1606 706 1658 742 v'·

352 763 519 807 monuit
543 762 744 805 Muretus
774 761 878 803 Var.
906 760 1034 806 Lect.
1060 764 1138 806 ΙΙΙ.
1171 776 1238 818 13.

410 835 569 878 ELoc.
620 834 723 887 Pag.
758 846 800 886 7.
859 833 1109 891 Adspersa]
1168 835 1356 891 Aspersa
1395 840 1524 883 edidit
1555 840 1661 884 Lin-

356 905 621 958 demannus,
669 904 922 948 auctoritate
963 899 1196 951 Pris'ciani:
1231 907 1294 950 uti
1327 917 1369 950 et
1402 909 1509 953 infra
1532 924 1576 963 p.
1609 923 1659 954 ιο

355 978 596 1017 asciverant
649 989 728 1029 pro
775 976 1060 1020 adsciverunt.
1140 978 1321 1022 Rectius
1378 981 1618 1025 Schellerus
1644 1007 1661 1036 ,

355 1038 628 1100 principibus
664 1041 910 1090 Latinitatis
957 1049 1131 1091 scientia
1165 1046 1270 1092 viris
1308 1061 1388 1092 suo
1413 1054 1507 1108 jure
1529 1067 1663 1098 annu-

356 1116 614 1170 merandus,
648 1118 692 1162 in
731 1120 886 1162 talibus
924 1118 1205 1173 etymologiae
1250 1123 1396 1172 potius
1431 1118 1663 1169 habendam

363 1201 457 1230 esse
489 1190 692 1232 rationem
718 1191 955 1246 judicavit,
987 1191 1206 1243 Praecept.
1237 1191 1335 1234 Stili
1359 1194 1456 1236 Lat.
1486 1197 1597 1238 Part.
1628 1196 1664 1240 Ι.

362 1259 476 1314 Cap.
502 1261 537 1302 1.
571 1273 616 1313 p.
649 1273 718 1314 32.
777 1261 924 1304 Libris
947 1254 1246 1318 manuscriptis
1277 1261 1313 1305 si
1337 1263 1440 1304 fides
1475 1260 1665 1306 habenda

364 1341 461 1384 est,
494 1330 539 1374 in
562 1329 771 1376 Vaticano
808 1333 1031 1377 Ciceronis
1060 1335 1110 1374 de
1143 1332 1331 1387 Republ.
1363 1323 1555 1385 Codice,
1587 1347 1666 1376 nu-

361 1415 441 1458 per
464 1416 643 1446 excusso
661 1437 675 1457 ,
691 1405 950 1459 praepositio
975 1402 1036 1446 ad
1056 1404 1207 1446 retinet
1229 1417 1352 1446 suum
1375 1403 1407 1446 d
1422 1435 1435 1457 ,
1451 1418 1544 1447 cum
1571 1418 1667 1448 ante

363 1475 464 1518 alias
495 1485 781 1518 consonantes
800 1503 816 1525 ,
836 1473 896 1527 f,
924 1487 986 1528 g,
1011 1484 1075 1530 p,
1105 1487 1162 1528 r;
1196 1484 1284 1516 tum
1313 1486 1408 1518 ante
1447 1490 1494 1529 5,
1529 1476 1668 1529 qualia

365 1556 467 1588 sunt
492 1543 728 1597 adsentiri,
760 1542 959 1600 adsequi,
990 1543 1100 1598 alia,
1126 1557 1166 1588 et
1192 1548 1274 1589 hoc
1302 1546 1440 1600 ipsum
1458 1577 1473 1598 ,
1505 1547 1555 1588 de
1583 1560 1669 1600 quo

363 1618 560 1673 agimuS,
593 1612 847 1659 adsciscere:
878 1627 924 1659 ut
958 1627 1074 1672 patet
1102 1631 1124 1660 e
1155 1619 1406 1673 Conspectu
1434 1618 1671 1673 Orthogra-

362 1689 486 1745 phiae
505 1720 520 1741 ,
552 1686 639 1731 Ed.
667 1678 884 1731 Romanae
906 1703 950 1743 p.
982 1704 1081 1744 350.
1130 1690 1353 1746 Quidquid
1378 1691 1467 1745 ejus
1495 1689 1555 1730 rei
1581 1689 1669 1742 sit,

363 1760 409 1803 in
449 1756 696 1802 Ruhnkenii
739 1769 852 1801 certe
898 1756 1107 1814 scriptura
1146 1762 1208 1804 nil
1245 1771 1402 1803 temere
1448 1759 1674 1803 immutan-

364 1833 463 1874 dum
488 1843 592 1874 erat.

422 1903 474 1945 P.
503 1904 546 1945 8.
605 1904 839 1959 Imaginem
866 1902 928 1946 ad
947 1907 1086 1949 vivum
1112 1902 1376 1961 expressam]
1410 1901 1670 1955 Scioppius,

367 1974 523 2018 Infam.
541 1974 727 2016 Famiani
743 1989 790 2028 p.
806 1989 883 2030 52,
906 1970 1063 2018 rectius
1086 1976 1245 2030 judicat
1259 1974 1319 2015 ad
1337 1984 1508 2015 verum:
1528 1971 1670 2024 quod,

369 2042 408 2090 si
443 2046 542 2087 item
584 2045 811 2099 probasset
848 2042 1162 2097 Ruhnkenius,
1205 2044 1298 2087 sine
1330 2036 1460 2085 dubio
1498 2052 1671 2084 secutus

370 2113 542 2161 fuisset.
603 2111 761 2171 virgil.
788 2114 899 2161 Aen.
923 2118 1003 2170 VI,
1028 2117 1108 2168 848
1130 2127 1142 2156 :
1176 2109 1299 2158 Vivos
1321 2114 1470 2157 ducent
1484 2111 1533 2154 de
1557 2126 1677 2154 mar·

372 2201 486 2230 more
512 2188 674 2239 voltus,
707 2186 737 2231 i.
764 2199 801 2229 e.
832 2187 894 2229 ad
927 2191 1099 2239 vivam,
1141 2188 1273 2241 vulgo
1311 2186 1371 2228 ad
1395 2188 1556 2234 vitam,
1591 2177 1676 2226 effi-

373 2267 500 2309 ctos,
540 2258 701 2300 Graece
738 2261 933 2312 ε’μβίσυς,
976 2262 1203 2314 ἐμψύχους.
1280 2256 1356 2303 Cf.
1387 2255 1592 2297 Valcken.
1623 2255 1675 2297 ad

375 2327 567 2370 Theocr.
601 2330 814 2372 Adoniaz.
843 2344 886 2385 p.
914 2343 1025 2387 375„

431 2398 544 2441 Ibid.
575 2399 667 2441 Nec
682 2401 752 2443 ille
768 2403 886 2457 longe
900 2402 1183 2458 quaerendas]
1197 2402 1340 2458 Longe
1350 2433 1363 2453 ,
1382 2400 1423 2442 id
1440 2409 1502 2442 est
1508 2395 1674 2455 procul.

366 2467 654 2515 vLindemanni
698 2472 999 2523 annotatione,
1033 2483 1132 2526 post
1157 2486 1202 2515 ea
1229 2486 1334 2526 quae
1369 2471 1541 2526 scripsit
1562 2469 1680 2512 Tur·

380 2540 557 2583 sellinus
586 2544 636 2586 de
667 2544 823 2588 Partic.
853 2544 927 2587 hac
956 2556 1061 2588 voce
1083 2576 1096 2599 ,
1129 2545 1253 2590 facile
1277 2556 1486 2590 caremus·

1554 2605 1603 2659 Ρ.
1638 2629 1681 2675 9.
