1879 3160
267 155 617 206 ELOGIUM
660 155 1263 216 HEMSTERHUSII.
1342 181 1427 228 ³0?

117 282 197 330 tine
225 283 321 328 vis:
357 283 474 338 quod
499 282 550 325 ad
576 282 619 328 h.
641 282 674 325 l.
703 295 782 326 nec
809 283 926 340 Aug.
958 285 1167 334 Matthiae
1194 292 1238 338 in
1264 292 1420 338 Exem-

115 357 199 412 plis
220 355 352 409 Eloq.
380 355 481 399 Lat.
520 367 598 398 nec
623 353 940 397 Lindemannus
964 355 1194 405 intellexit.
1248 364 1315 407 De
1339 364 1419 407 hu-

111 429 182 484 jus
217 439 359 469 errore
399 424 581 468 diximus
608 425 636 466 l.
669 436 711 466 c.
747 434 789 466 et
827 426 878 468 ab
912 426 1027 471 iuius
1064 444 1240 485 quoque
1275 447 1421 489 repre-

113 496 324 540 hensione
348 509 395 550 p.
424 497 524 550 196.
551 495 813 539 liberandum
856 511 1079 542 censemus
1117 501 1346 548 Ernestum
1372 505 1417 549 in

108 568 261 614 Dedic.
282 568 334 611 ad
355 565 597 622 Stiglizium
630 579 678 620 Ρ.
695 567 867 612 LXIX:
902 568 1013 626 quod
1038 591 1091 603 —·
1119 582 1200 614 non
1229 577 1418 629 scirent,
1448 622 1458 629 ,Α

107 639 183 693 qui
209 640 295 680 sint
316 647 535 694 tamquam
562 638 667 691 fines
703 637 1023 697 disciplinarum
1059 650 1099 684 et
1133 645 1296 687 artium
1313 677 1330 700 ‚
1360 670 1419 681 -

108 706 290 764 adeoque
327 707 632 762 confunderent
665 719 801 751 artem
822 739 838 761 ‚
888 718 996 753 caet.
1043 715 1168 769 cujus
1200 716 1287 764 loci
1323 716 1414 762 fere

109 780 250 822 eadem
287 790 352 824 est
392 781 518 823 ratio.
579 780 817 824 Democriti
853 780 1043 835 dictum,
1066 786 1192 840 potita
1217 800 1297 828 non
1324 786 1413 841 fit,

108 847 181 892 sed
213 853 436 901 nascitur,
476 864 564 894 non
613 851 831 894 nominato
874 862 1079 906 auctore,
1128 855 1412 904 Ruhnkenius

108 921 230 964 etiam
263 922 364 964 alibi
398 921 569 975 attulit,
608 921 652 965 in
683 922 807 966 Orat.
841 924 891 966 de
917 925 1052 968 Doct.
1081 925 1239 973 Umbr.
1266 929 1417 983 Opus·

107 996 198 1037 cul.
231 993 290 1037 T.
311 995 349 1037 I.
383 1007 427 1047 p.
458 1005 556 1047 133.
616 994 872 1049 Respieiunt
894 994 1000 1038 illud
1031 995 1187 1039 Cicero
1209 997 1260 1039 de
1287 998 1411 1045 Orat.

105 1065 180 1118 11,
204 1066 279 1118 46.
303 1065 354 1107 de
376 1064 523 1106 Divin.
547 1065 567 1106 I
584 1094 599 1116 ,
634 1078 705 1118 37.
739 1074 780 1105 et
812 1064 1018 1106 Horatius
1049 1066 1143 1110 Art.
1173 1067 1296 1113 Poet.
1325 1080 1411 1124 295

104 1147 207 1189 sqq.
234 1135 306 1176 ubi
331 1134 418 1178 vid.
451 1134 706 1178 Lambinus.
766 1134 856 1191 Qui
896 1136 939 1178 in
970 1144 1083 1178 tanta
1118 1148 1331 1180 novorum
1359 1140 1411 1182 li-

104 1203 277 1247 brorum
311 1206 611 1259 multitudine,
647 1219 764 1248 more
797 1207 1038 1262 majorum,
1071 1205 1208 1249 adhuc
1243 1217 1408 1254 tenaces

102 1288 204 1321 sunt
220 1277 526 1321 Grammaticae
542 1276 779 1321 Vossianae
792 1307 807 1327 ‚
835 1275 889 1318 iis
916 1289 1004 1319 non
1025 1290 1136 1332 opus
1155 1279 1233 1322 erit
1256 1280 1302 1325 in
1320 1294 1410 1324 me·

103 1349 277 1393 moriam
304 1362 504 1393 revocare
527 1348 680 1393 veteris
707 1349 858 1403 poetae
888 1347 1154 1392 versiculos:

159 1421 349 1464 Consules
365 1419 480 1473 fiunt
501 1420 724 1477 quotannis
738 1450 753 1471 ,
780 1428 820 1461 et
843 1421 938 1462 novi
954 1421 1244 1476 proconsules:

158 1490 278 1535 Solus
299 1501 378 1534 aut
404 1504 509 1543 rex,
541 1501 618 1533 ant
639 1492 763 1546 poeta
787 1504 866 1535 non
888 1495 1111 1547 quotannis
1128 1495 1339 1538 nascitur·

158 1561 208 1606 P.
243 1575 317 1615 14.
374 1561 438 1604 N.
477 1561 673 1602 Heinsius
704 1581 755 1589 —
785 1561 1015 1603 Poetarum
1051 1563 1309 1607 Latinorum
1345 1580 1408 1610 so·

100 1633 284 1688 spitator
313 1630 449 1674 dictus
484 1632 576 1686 est]
634 1631 781 1674 Veluti
809 1644 833 1675 a
857 1631 1130 1676 Broukhusio
1169 1635 1222 1677 ad
1252 1634 1408 1679 Tibul.—

101 1704 187 1745 lum
210 1702 264 1755 Ι,
292 1713 313 1745 1
330 1732 346 1755 ‚
372 1716 444 1757 42.
476 1716 601 1757 quem
626 1702 807 1745 fortasse
830 1702 886 1743 ob
910 1705 1059 1747 oculos
1081 1703 1231 1748 habuit
1251 1705 1406 1750 Ruhn-

97 1773 269 1817 kenius.
328 1774 495 1817 Eodem
533 1788 661 1819 sensu
704 1773 976 1827 Heusdium,
1008 1774 1069 1818 V.
1098 1776 1171 1819 Cl.
1196 1774 1403 1830 futurum

96 1846 289 1888 Platonis
326 1849 609 1904 sospitatorem
648 1843 819 1887 vocavit
854 1844 1244 1901 Wyttenbachius,
1276 1851 1402 1905 quus

96 1915 185 1961 vid.
210 1916 314 1958 Vita
341 1930 391 1971 Ρ.
412 1930 522 1972 174:
554 1916 667 1969 alio,
701 1917 809 1960 Rev.
838 1917 1139 1971 Randolphum
1173 1918 1402 1961 Plutarchi

96 1991 163 2030 sui
182 1990 491 2046 sospitatorem,
509 1987 694 2030 Philom.
722 1988 778 2031 L.
804 1989 882 2030 III.
917 2001 968 2042 Ρ.
989 1999 1088 2043 231.
1105 1988 1197 2031 sive
1225 1989 1396 2044 Opusc.

99 2056 160 2102 Τ.
189 2060 249 2104 ΙΙ.
281 2073 328 2114 p.
357 2073 458 2116 347.
529 2061 731 2103 Ceterum
778 2062 1000 2116 sospitator
1039 2069 1081 2101 et
1115 2063 1395 2118 sospitatrix,

97 2142 280 2185 quorum
303 2133 476 2175 alterum
499 2131 543 2176 in
567 2131 742 2175 dublum
774 2131 916 2174 vocari
940 2131 1066 2181 video
1094 2144 1117 2174 a
1142 2131 1249 2175 Viro
1265 2135 1395 2177 docto

98 2201 142 2244 in
164 2200 319 2243 Wolfii
339 2202 467 2246 Anal.
492 2202 631 2248 Liter.
655 2204 707 2248 P.
735 2205 795 2250 H.
827 2219 870 2259 p.
900 2205 979 2258 488
997 2234 1012 2255 ,
1045 2211 1092 2245 ut
1112 2204 1195 2258 jam
1219 2206 1270 2247 ad
1291 2206 1337 2249 h.
1360 2208 1393 2248 l.

96 2272 414 2315 Lindemannus
454 2274 648 2327 monuit,
680 2285 810 2320 voces
841 2285 941 2319 sunt
971 2287 1021 2317 ex
1046 2284 1178 2316 aetate
1202 2277 1398 2329 Appule-

91 2344 157 2400 ji,
188 2343 239 2384 de
269 2343 390 2398 cujus
411 2352 586 2398 prorsus
618 2343 717 2386 bene
751 2347 952 2401 loquentis
984 2345 1213 2388 Latinitate
1239 2358 1396 2400 operae

94 2414 274 2470 pretium
301 2424 364 2456 est
390 2425 650 2467 cognoscere
686 2415 934 2457 Ruhnkenii
960 2417 1208 2459 sententiam
1232 2430 1327 2461 cum
1351 2418 1396 2462 in

92 2485 274 2530 Praefat.
312 2484 528 2527 Editionis
568 2484 979 2539 Oudendorpianae,
1027 2488 1191 2542 Opus&
1234 2488 1292 2534 T.
1330 2490 1389 2542 ΙΙ.

94 2568 139 2609 Ρ.
171 2556 253 2610 652
285 2567 381 2608 sqq.
423 2565 512 2598 tum
549 2554 594 2598 in
632 2553 772 2598 Praef.
806 2557 857 2597 ad
895 2557 1098 2601 Schelleri
1137 2558 1246 2606 Lex.
1285 2560 1393 2606 ibid.

788 2625 831 2668 V
862 2640 887 2670 2
1222 2646 1266 2688 p.
1291 2636 1397 2692 699.
