1879 3160
314 200 403 242 412
594 177 1327 235 ANNOTATloa„

318 323 441 366 quam
478 318 621 361 parum
660 317 756 347 cum
791 305 959 347 illorum
997 304 1163 349 neutris
1193 307 1441 358 conveniat,
1482 323 1616 357 unus-

322 384 504 437 quisque
523 376 646 419 facile
673 375 805 418 videt.
864 376 974 419 Nam
1003 377 1182 431 primurn
1199 408 1214 430 ‚
1249 390 1351 430 quas
1375 379 1613 426 Columella

320 456 444 498 habet
466 448 692 504 particulas
708 456 820 489 ut—
837 452 929 500 ita,
959 459 1166 501 sequente
1190 447 1372 502 priorem
1398 461 1612 503 compara-

316 526 407 569 tivo
428 519 750 576 praestantior,
782 519 1062 572 posteriorem
1088 518 1276 572 positivo
1295 519 1444 572 ubere,
1471 533 1613 563 earum

316 600 414 641 loco
439 589 631 633 adhibuit
664 589 874 631 Ernestus
898 590 976 645 quo
1002 612 1053 621 —
1073 591 1169 641 ita,
1201 589 1395 644 subjecto
1420 591 1618 644 utrisque

319 660 626 720 comparativo.
682 659 877 711 Deinde,
912 672 1014 712 quas
1040 659 1112 703 ille
1137 659 1219 700 sibi
1237 659 1415 702 invicem
1437 673 1616 714 respon·

319 738 417 779 dere
440 731 578 776 voluit
604 740 651 772 ut
674 753 720 763 —
740 731 833 783 ita,
861 730 1218 783 wyttenbachius
1234 730 1445 773 contrario
1465 731 1614 774 ordine

319 805 467 850 maluit
489 807 554 846 ita
577 826 631 836 —
655 811 729 854 ut,
761 812 973 845 auctorem
998 810 1198 853 secutus,
1229 814 1324 843 cum
1351 802 1394 844 in
1433 801 1619 853 exquisi-

318 879 428 921 tiore
462 876 608 918 harum
650 872 949 927 particularum
989 873 1270 914 collocatione
1298 873 1545 916 Ciceronem
1569 873 1619 914 de

323 949 449 991 Ossic.
480 945 530 998 Ι,
568 956 646 998 15,
691 944 911 985 colendum
940 943 1261 999 praecipientem
1294 948 1382 987 ita
1422 957 1621 1002 quemque

322 1021 506 1062 maxime
523 1049 536 1070 ‚
563 1027 616 1058 ut
640 1018 810 1072 quisque
833 1019 1016 1058 maxime
1039 1015 1268 1061 virtutibus
1296 1016 1516 1058 lenioribus
1536 1017 1619 1057 crit

321 1100 523 1142 ornatus;
548 1097 637 1130 tum
663 1087 706 1129 in
736 1100 814 1128 usu
844 1086 1118 1139 comparativi
1155 1088 1432 1129 Columellam
1450 1118 1464 1135 ,
1491 1087 1617 1128 modo

320 1160 434 1215 apud
457 1171 550 1200 eum
566 1170 645 1211 pro
667 1156 957 1209 uberele-gatur
973 1156 1186 1210 uberiore,
1209 1157 1618 1214 etQuinctilianum,

324 1232 434 1276 Inst.
473 1230 552 1272 Or.
590 1229 681 1280 IX,
713 1242 770 1280 4,
812 1226 939 1268 modo
977 1225 1013 1268 is
1051 1229 1173 1270 locus
1213 1239 1325 1271 recte
1360 1229 1416 1272 sit
1449 1231 1618 1272 allatus·

324 1307 392 1348 Ac
422 1297 798 1356 quemadmodum,
836 1307 884 1339 ut
923 1298 1170 1352 ceteroquin
1197 1299 1302 1342 bene
1325 1300 1491 1341 monuit
1512 1299 1620 1341 Lin-

323 1375 585 1423 demannu5‚
616 1381 710 1412 curn
745 1367 961 1421 particulis
1000 1382 1077 1423 quo
1103 1392 1153 1399 —
1184 1381 1226 1409 eo
1257 1370 1325 1410 vel
1349 1368 1421 1409 hoc
1452 1381 1621 1422 compa·

322 1442 533 1492 rativum,
579 1450 725 1482 contra
766 1451 862 1480 cuin
905 1448 953 1479 ut
988 1460 1039 1470 -
1076 1440 1142 1480 ita
1177 1439 1484 1492 superlativum
1520 1453 1625 1483 con-

320 1516 498 1572 iungere
523 1513 633 1554 solet
656 1513 837 1560 Cicero,
867 1509 917 1550 de
952 1505 1040 1549 Off.
1069 1506 1119 1559 I,
1153 1519 1223 1562 19.
1248 1508 1298 1551 de
1326 1509 1448 1553 Orat.
1476 1510 1624 1556 11.66.

326 1586 455 1629 alibi:
487 1584 548 1626 sic
575 1583 625 1624 ad
648 1583 752 1624 hanc
785 1578 1134 1622 consuetudinem
1177 1592 1355 1633 prorsus
1389 1595 1626 1626 accommo-

329 1659 423 1699 date
448 1653 750 1705 verissimeque
775 1651 883 1695 infra
912 1650 1084 1704 scripsit
1110 1651 1170 1691 W
1173 1653 1494 1704 yttenbachius:
1527 1670 1629 1712 quo

322 1726 517 1784 plures
534 1734 616 1779 per
637 1725 756 1765 illam
779 1723 904 1765 medii
931 1725 1025 1765 aevi
1049 1722 1286 1766 barbariem
1307 1727 1515 1782 perierint
1534 1727 1629 1770 bom·

331 1797 434 1839 libr-i
447 1827 461 1848 ‚
495 1807 550 1836 eo
576 1794 776 1847 majore
796 1808 888 1837 cum
911 1809 1017 1838 cura
1043 1809 1096 1838 ex
1119 1799 1191 1839 hoc
1213 1806 1414 1853 tanquam
1440 1797 1627 1851 naufra-

327 1869 398 1924 gio
419 1865 585 1907 tabulas
607 1864 855 1919 colligendas
871 1881 982 1921 essc;
1014 1879 1054 1911 et
1078 1868 1303 1921 scripserat
1327 1880 1454 1922 supra
1479 1883 1523 1923 p.
1552 1884 1625 1914 22:

332 1939 534 1993 reliquias
553 1934 766 1989 sordesque
789 1937 914 1979 medii
939 1941 1033 1982 aevi
1047 1940 1197 1979 -ita
1232 1950 1488 1993 quemque
1521 1952 1628 1980 cer-

334 2011 554 2054 tissime
588 2006 824 2062 abstergere
847 2019 886 2050 et
907 2010 1068 2061 eluere,
1100 2019 1158 2051 ut
1186 2023 1263 2050 ma
1278 2011 1386 2050 xim
1402 2024 1422 2051 e
1451 2009 1629 2066 diligen·

333 2084 563 2136 tissimeqcle
592 2087 734 2135 pectus
764 2079 1060 2136 limpidissimas
1095 2081 1382 2135 Antiquarum
1403 2081 1631 2124 literarum

323 2152 514 2210 fomilnss
563 2151 836 2205 irrigaverit.
908 2150 1006 2206 Quo
1049 2152 1090 2193 in
1141 2162 1390 2207 argumento
1443 2162 1632 2195 versatur

333 2225 453 2271 Bakii
476 2225 547 2266 illa
569 2236 591 2264 a
614 2222 739 2265 nobis
762 2233 889 2275 supra
914 2222 1074 2264 laudata
1101 2222 1268 2269 Oratio.

395 2298 503 2340 Ibid.
563 2293 722 2335 Timaei
754 2291 820 2332 hic
856 2292 1044 2347 libellus,
1076 2297 1188 2351 cca]
1249 2294 1506 2340 Conferatur
1537 2306 1631 2335 cum

334 2369 464 2422 liujus
520 2364 606 2408 loci
649 2374 895 2417 argumento
924 2354 1190 2410 *Ruhnkenii
1232 2364 1439 2409 Praefatio
1473 2366 1523 2407 ad
1558 2363 1637 2406 Ti-

337 2452 496 2481 maeum
518 2436 693 2491 repetita
718 2435 883 2488 Opuse.
919 2434 977 2478 T.
1010 2439 1044 2478 l.
1076 2450 1122 2491 p.
1143 2440 1192 2491 78
1218 2451 1318 2492 sqq.
1352 2437 1461 2481 unde
1484 2434 1633 2490 partim

336 2523 409 2553 sua
431 2509 635 2555 desumsit
657 2507 1034 2563 Wyttenbachius.

1520 2578 1632 2624 Ibid.
