1879 3160
387 173 570 222 v1TA
612 176 674 224 ι).
719 174 1181 231 ιωΗΝΚΕΝιῙ.
1354 192 1447 236 292

147 346 152 350 ,
190 303 309 358 Ergo
336 300 410 344 illa
441 310 617 344 naturae
640 299 821 346 facilitas
849 311 890 344 et
919 303 1117 357 εὐκολία,
1150 314 1257 359 quae
1286 299 1446 347 Ruhn-

132 374 262 421 kenio
287 374 389 418 fons
412 386 578 417 morum
604 371 907 426 actionumque
935 373 1129 427 exstitit,
1161 375 1301 419 eadem
1329 373 1368 417 ei
1391 374 1443 418 ad

135 457 368 494 extremum
398 454 606 501 perpetua
631 443 716 486 fuit
740 443 849 488 vitae
874 458 1044 489 comcs:
1080 447 1221 490 eadem
1247 445 1284 491 ei
1306 455 1352 490 et
1378 449 1450 496 sa.-

133 520 275 570 θυμίας
293 548 310 570 ,
340 527 382 561 et
413 519 638 570 εὐγηρίας,
671 526 712 558 et
741 521 1014 573 εὐθανασίας,
1055 520 1124 566 vel
1163 518 1349 574 adjutrix
1380 518 1452 578 vel
1552 568 1557 572 ,

135 589 325 633 effectrix
350 588 459 641 fuit,
491 588 635 630 eadem
664 599 705 631 et
729 589 856 632 vitam
883 590 921 632 ei
948 590 1150 644 hilarem,
1184 600 1224 635 et
1244 603 1538 644 semem-280

133 669 218 703 tem
246 660 546 714 tranquillam,
579 668 622 702 et
646 671 825 704 mortem
850 661 1084 716 placidam,
1117 663 1315 709 reddidit..
1376 663 1447 710 At·-

134 729 187 775 de
222 741 441 774 senectute
484 732 653 786 quidem
690 743 767 774 sua
813 743 980 787 poterat
1026 734 1133 777 idem
1171 737 1453 791 praedicare,

136 802 254 855 quod
280 803 466 846 moriens
496 804 567 847 ille
591 804 704 859 apud
725 806 1053 859 Xenophontem
1082 806 1238 862 (129)
1269 807 1454 863 Cyrus,

136 874 255 917 nulla
282 887 369 916 eam
394 875 438 918 in
465 886 583 930 parte
608 877 881 922 infirmiorem
913 890 1006 921 esse
1035 879 1280 933 Juventute.
1343 880 1450 929 Sus-

138 946 379 990 tentabatur
420 947 565 991 iisdem
589 967 624 1003 ‚·
658 950 814 1004 quibus
863 960 1015 1004 antea,
1057 947 1240 992 studiis:
1287 948 1454 1004 integra

135 1026 223 1060 erat
253 1018 448 1073 corporis
485 1019 660 1064 firmitas
684 1031 724 1064 et
750 1019 945 1074 agilitaS,
978 1019 1090 1066 acies
1126 1022 1349 1067 oculorum
1369 1035 1453 1067 :au-

136 1087 335 1143 riumque
366 1089 556 1142 integra:
592 1091 721 1136 menti
746 1091 969 1136 constabat
999 1101 1040 1134 et
1058 1090 1220 1146 'ingenii
1243 1090 1352 1137 acies
1369 1122 1383 1145 ‚
1408 1103 1453 1146 et

136 1159 364 1205 memoriae
391 1160 525 1214 fides,
558 1175 636 1205 nec
671 1163 800 1209 modo
832 1163 1084 1215 constabat,
1114 1164 1190 1206 sed
1212 1157 1453 1218 ‘augebatut

134 1231 239 1274 adeo
267 1231 510 1285 quotidiana
535 1235 826 1287 meditatione,
862 1235 1038 1289 Porro,
1074 1247 1181 1291 quae
1210 1235 1300 1279 fere
1328 1250 1454 1284 caus-

134 1315 205 1345 sae
230 1303 343 1356 apud
375 1306 608 1358 plerosque
642 1308 803 1351 obsunt
840 1309 1026 1362 placidae
1059 1307 1218 1359 morti,
1251 1307 1447 1361 corporis

135 1372 306 1416 dolores
326 1405 341 1426 ,
375 1374 622 1419 sollicitudo
660 1380 711 1421 de
742 1391 916 1424 suorum
954 1378 1173 1430 fortunis,
1217 1389 1354 1420 metus
1384 1392 1449 1422 re-

136 1456 230 1488 rum
261 1457 360 1498 post
387 1447 494 1490 hanc
522 1448 681 1491 vitam:
718 1450 863 1491 harum
900 1448 944 1491 in
982 1463 1077 1492 eum
1104 1453 1219 1494 nulla
1258 1449 1448 1496 cadebat.

137 1516 345 1559 Morbum
383 1531 429 1560 ac
466 1520 636 1563 dolores
663 1521 735 1563 vix
771 1519 921 1563 sensit.
995 1520 1062 1562 De
1102 1533 1278 1563 suorum
1310 1520 1451 1565 fortu-

136 1589 203 1633 nis
223 1620 237 1641 ,
264 1588 402 1633 animo
428 1589 512 1633 fuit
537 1591 690 1635 fidente
717 1606 758 1635 et
782 1605 953 1635 securo.
1001 1592 1192 1635 Mortem
1219 1593 1448 1637 adventan-

136 1669 251 1712 tem,
286 1671 332 1702 ut
359 1671 534 1706 naturae
571 1665 866 1708 necessitatem
904 1664 1063 1706 dudum
1101 1675 1241 1707 mente
1278 1679 1449 1717 praece-

133 1743 247 1787 ptam
273 1763 289 1785 ,
335 1735 592 1787 tranquillus
632 1736 875 1790 tacitusque
915 1736 1200 1790 exspectabat.
1277 1736 1371 1790 Et,
1402 1747 1450 1780 ut

135 1804 179 1847 in
214 1803 309 1847 aliis
350 1804 462 1848 vitae
490 1808 705 1862 negotiis,
742 1809 845 1864 quid
873 1820 964 1850 cras
1002 1817 1043 1849 et
1075 1818 1221 1861 postea
1255 1808 1449 1852 futurum

137 1886 281 1928 esset,
323 1889 412 1919 non
441 1891 698 1935 magnopere
729 1880 929 1931 curabat,
965 1891 1096 1932 eaque
1135 1889 1175 1921 et
1204 1879 1445 1933 praesentia

131 1958 174 1991 et
197 1947 412 1993 venientia
437 1949 586 1992 leviter
616 1965 662 1994 ac
692 1952 886 2005 placide,
919 1951 1130 2004 solitaque
1166 1950 1249 1993 sibi
1284 1954 1353 1995 vel
1383 1952 1445 1995 fa·

132 2020 291 2064 cilitate
316 2023 382 2063 vel
412 2021 639 2064 securitate
665 2022 898 2076 tractabat3
935 2023 1022 2076 ita,
1060 2021 1163 2075 quid
1200 2034 1300 2076 post
1338 2023 1447 2068 hanc

133 2091 263 2134 vitam
296 2092 436 2146 ipsum
469 2104 763 2148 exspectaret,
796 2107 874 2138 nec
910 2093 1169 2137 sollicitabat
1204 2109 1329 2149 eum,
1364 2110 1445 2140 nec

138 2162 344 2216 angebat:
379 2166 674 2218 acquiescebat
707 2165 751 2207 in
777 2164 992 2209 Socratica
1021 2164 1214 2218 ratione,
1246 2168 1371 2221 cujus
1397 2166 1449 2209 il-

134 2233 222 2273 lum
258 2231 302 2275 in
333 2234 481 2286 primis
512 2236 718 2279 redditum
746 2250 768 2278 a
801 2236 1012 2280 Cicerone
1042 2236 1201 2291 (130)
1232 2240 1376 2280 locum
1406 2247 1448 2281 et

135 2303 304 2347 tenebat
335 2314 379 2347 et
405 2306 587 2351 subinde
610 2308 866 2363 usurpabat:
897 2309 1000 2351 Non
1027 2311 1134 2351 enim
1159 2319 1311 2351 temere
1328 2340 1344 2362 ,
1377 2324 1449 2353 nec

1350 2381 1452 2435 for.

182 2480 326 2532 (129)
363 2483 624 2532 Cyropaediae
649 2486 771 2532 VIII,
800 2498 848 2536 7,
875 2498 912 2536 3.
947 2499 1059 2538 quem
1093 2489 1222 2527 locum
1259 2499 1446 2530 memorat

135 2546 280 2585 Cicero
306 2545 353 2584 de
382 2550 532 2586 Senect.
562 2551 660 2595 Cap.
688 2549 756 2590 lx,

185 2610 325 2661 (130)
355 2612 474 2653 Tuse.
504 2613 546 2660 1,
574 2624 636 2661 49·
