1879 3160
323 213 410 268 389
603 200 1199 253 ANNOTATIO
1258 219 1337 253 An

327 333 360 378 li
388 345 489 376 sane
510 342 615 381 nec,
649 327 685 369 si
712 326 818 371 bene
855 338 1054 382 peragere
1087 328 1224 378 veliS‚
1267 327 1383 371 facili
1408 329 1612 384 negotio,

325 405 509 447 sedulam
553 410 720 450 operam
756 413 933 453 navare3
984 408 1082 450 aut,
1124 398 1162 440 si
1191 399 1369 442 ulterius
1402 403 1619 456 progressi

323 488 412 518 rara
436 471 608 525 quadam
639 479 809 514 naturae
846 468 1036 511 bonitate
1070 479 1111 511 et
1135 469 1449 513 vehementiore
1493 473 1620 515 animi

324 552 442 587 motu
477 543 633 597 majora
663 540 995 593 concupiscant,
1026 541 1078 582 ad
1099 540 1306 584 illustrem
1333 543 1550 595 quemdam
1576 544 1622 586 in

321 613 562 657 Literarum
610 611 832 665 provincia
867 613 1011 654 locum
1056 614 1313 655 contendere
1346 612 1429 655 sibi
1464 625 1624 666 propo-

321 683 451 727 situm
477 682 649 727 habent.
708 682 976 739 Quamquam
1007 691 1152 735 potest
1190 683 1297 726 illud
1325 686 1376 727 ad
1400 698 1473 726 eos
1499 685 1621 727 etiam

323 767 376 797 ex
411 754 584 796 aliarum
627 753 914 796 doctrinarum
954 754 1160 797 studiosis
1197 755 1379 807 referri,
1423 755 1497 807 qui
1535 754 1628 808 pari

323 823 604 882 perfectionis
626 825 768 867 studio
790 824 942 878 ducti,
972 825 1282 878 quodammodo
1307 825 1434 868 altius
1458 828 1625 868 evolare

324 897 519 952 cupiunt.
580 895 728 937 Veluti
757 895 940 939 disertus
975 897 1233 939 Divinorum
1264 897 1529 938 oraculorum
1555 909 1629 938 co-

322 982 411 1013 ram
449 968 614 1022 populo
649 965 891 1020 interpre5‚
933 967 1169 1020 probabilis
1198 980 1416 1009 causarum
1442 978 1559 1009 actor
1586 977 1629 1009 et

323 1038 514 1097 justitiae
529 1046 734 1091 patronus
749 1066 764 1086 ,
780 1036 967 1090 prudens
990 1049 1258 1092 aegrotorum
1276 1050 1445 1081 curator
1464 1069 1479 1092 ‚
1504 1038 1630 1082 facile

327 1109 470 1165 quivis
494 1121 587 1151 esse
623 1117 797 1162 potest,
831 1109 993 1155 etiamsi
1018 1111 1275 1154 Graecarum
1298 1111 1628 1162 Latinarumque

323 1183 564 1227 Literarum
590 1193 676 1223 non
707 1182 818 1223 ultra
845 1181 1173 1224 mediocritatem
1199 1183 1388 1236 peritus:
1423 1191 1464 1224 at
1487 1180 1629 1222 erudi-

322 1266 391 1299 tus
419 1253 665 1307 Theologus,
693 1251 905 1308 perfectus
926 1251 1244 1308 jurisperitus,
1278 1263 1319 1295 et
1338 1263 1467 1310 supra
1480 1242 1630 1306 vulga·

324 1341 415 1375 rem
436 1336 604 1384 captum
640 1324 780 1367 doctus
813 1323 1037 1376 Medicus,
1067 1336 1194 1366 nemo
1218 1336 1310 1365 esse
1335 1332 1480 1376 potest
1497 1354 1510 1375 ς
1544 1322 1631 1365 nisi

328 1399 404 1453 qui
431 1407 623 1441 accurata
657 1406 847 1440 veterum
885 1394 1150 1448 Linguarum
1178 1393 1353 1435 scientia
1390 1402 1431 1435 et
1454 1392 1624 1436 critices

327 1470 538 1526 praesidio
559 1468 818 1518 instructus,
851 1464 970 1518 ipsos
991 1463 1264 1515 antiquorum
1293 1461 1434 1504 fontes
1450 1491 1465 1514 ,
1496 1474 1630 1515 puros

325 1541 428 1585 illos
448 1551 513 1594 'ac
550 1536 784 1589 limpidos,
814 1549 904 1579 non
942 1533 1224 1577 recentiorum
1263 1533 1461 1585 rivulos,
1490 1532 1634 1586 inqui-

328 1623 455 1659 natos
487 1620 612 1662 saepe
651 1620 699 1649 ac
738 1606 964 1660 turbidos,
1008 1603 1243 1647 consectari
1273 1602 1485 1646 didicerit.
1547 1605 1632 1647 Sed

329 1687 435 1730 haec
484 1691 534 1725 ut
570 1680 698 1723 latius
742 1677 987 1733 persequi,
1031 1675 1269 1720 rationibus
1306 1675 1553 1718 confirmare
1591 1685 1634 1719 et

329 1754 535 1811 exemplis
566 1752 779 1795 illustrare
813 1752 988 1804 longum
1015 1748 1103 1803 sit,
1133 1761 1211 1792 nec
1234 1761 1328 1790 cum
1355 1748 1540 1792 instituti
1559 1761 1638 1792 no-

334 1828 412 1872 stri
435 1826 599 1869 tatione
620 1824 893 1878 conjunctum
912 1835 926 1874 ς
947 1820 1002 1862 ita
1028 1822 1260 1872 malumus,
1289 1818 1467 1873 quae-ab
1497 1819 1634 1862 omni-

332 1900 416 1942 bus
445 1899 523 1941 rite
546 1895 918 1950 intelligenterque
941 1892 1231 1948 judicantibus
1261 1891 1437 1935 concedi
1468 1892 1634 1942 solent,

334 1972 474 2015 obiter
496 1969 700 2022 attingere
716 1998 730 2019 ,
765 1978 888 2020 quam
906 1964 1085 2007 ulterius
1110 1962 1404 2018 pertractando
1429 1960 1472 2003 in
1489 1962 1638 2013 loqua-

332 2041 474 2086 citatis
510 2037 883 2093 reprehensionem
924 2035 1159 2078 incurrere.
1222 2030 1428 2072 Universe
1467 2029 1637 2082 quidem

334 2113 436 2157 satis
484 2120 652 2154 constat
688 2109 800 2152 inter
836 2117 1015 2158 omnes,
1063 2102 1179 2156 quod
1212 2101 1257 2144 in
1285 2101 1373 2154 Ep.
1414 2100 1466 2143 ad
1498 2101 1641 2143 Heus-

335 2185 452 2228 dium
475 2182 534 2225 V.
565 2182 640 2225 Cl.
662 2179 834 2234 scripsit
858 2172 1222 2231 VVyttenbachius
1251 2173 1374 2228 (*)2
1421 2202 1448 2226 „
1471 2171 1639 2215 Litera·

338 2288 368 2312 „
397 2268 490 2299 rum
513 2252 731 2296 studiosos
755 2250 861 2293 alios
886 2248 1000 2291 aliud
1023 2244 1293 2301 propositum
1320 2243 1500 2286 habere:
1534 2244 1641 2287 alios

344 2360 373 2383 ‚‚
405 2342 471 2371 eas
497 2336 544 2368 ut
572 2324 858 2379 adjumentum
899 2320 1070 2367 aliarum
1087 2316 1388 2383 doctrinarum
1415 2317 1638 2360 adhibere:

343 2434 371 2457 „
401 2402 506 2445 alios
533 2398 585 2441 ad
612 2394 741 2439 animi
767 2392 1122 2437 oblectationem:
1154 2389 1260 2432 alios
1288 2387 1364 2431 alia
1394 2388 1446 2431 de
1471 2400 1640 2429 caussa:

1491 2487 1517 2513 9,
1544 2468 1648 2518 pau·

392 2591 486 2641 (*)
513 2590 604 2633 Vid.
631 2590 787 2640 Opusc.
811 2586 1009 2638 Wyttenb.
1035 2585 1151 2625 Tom.
1168 2581 1225 2626 11.
1250 2597 1289 2636 p.
1309 2595 1346 2633 4.
