1879 3160
304 239 407 293 &88
568 230 772 284 -VITA
810 228 871 283 D·
917 227 1383 287 RUHNK'ENH.

304 376 417 412 ‘rum
451 354 745 413 casuumque,
777 359 851 413 q'ui
892 351 1079 405 incidere
1106 356 1326 419 possunt,
1357 353 1631 418 praemedita-

311 438 386 481 tio
409 437 530 492 (116
547 433 601 486 )‚
631 443 720 474 non
751 430 872 474 anxia
896 430 968 475 illa
994 434 1163 487 quidvis
1190 427 1231 477 et
1253 441 1458 489 appetens
1483 453 1523 485 et
1544 455 1631 487 me.

325 519 478 557 tuem,
517 504 596 546 sed
633 504 821 558 prudens
861 516 913 547 ex
945 506 1059 561 iusta
1098 519 1235 549 rerum
1275 507 1564 555 aestimatione
1585 527 1631 556 ac

237 572 474 625 a6ysolerti
500 585 582 616 usu
610 574 802 628 profecta
819 606 836 628 ‚
868 576 1175 632 minimumque
1210 578 1409 623 fortunae
1437 583 1634 625 commit·

324 657 435 689 tens.
493 646 813 700 Ruhnkenius,
846 646 920 700 qui
939 658 985 689 se
1012 647 1079 690 his
1105 648 1263 693 finibus
1301 649 1410 694 intra
1442 664 1636 696 necessa-

302 718 388 762 =ria
417 719 590 773 negotia
626 719 893 772 contineret,
927 731 1033 772 quae
1076 728 1229 771 sponte
1256 722 1465 777 fluerent,
1498 735 1539 767 et
1561 739 1635 769 na-

321 793 462 833 turale
486 802 611 834 suum
641 792 721 834 iter
753 793 988 843 haberent,
1019 789 1070 832 de
1103 789 1251 834 futuro
1289 807 1378 838 non
1405 806 1491 839 erat
1515 799 1634 840 solli-

320 863 462 914 citus,
507 862 728 916 magisque
759 862 871 904 bona
911 861 1053 905 omnia
1091 864 1284 917 sperabat
1307 897 1322 919 ,
1369 877 1491 919 quam
1531 870 1636 910 mala

308 932 561 977 metuebat:
595 933 647 974 ad
683 942 912 986 utrumque
947 945 1119 988 paratus
1140 966 1155 988 ,
1186 937 1385 979 censebat
1417 937 1630 980 molestias

315 1020 407 1051 non
443 1005 570 1049 novis
603 1004 811 1047 molestiis
838 1007 1090 1049 amovendas
1127 1020 1250 1059 esse,
1285 1022 1497 1063 quemque
1525 1011 1634 1052 diem

314 1090 398 1122 ‘sua
421 1088 462 1120 et
491 1077 759 1120 incommoda
785 1087 826 1119 et
844 1077 1210 1121 incommodorum
1239 1080 1420 1123 remedia
1448 1080 1630 1125 adferre.

320 1148 488 1201 Porro,
523 1149 687 1190 nullum
729 1147 766 1189 ei
802 1158 970 1201 tempus
997 1149 1019 1189 a
1045 1147 1283 1193 Literarum
1322 1151 1473 1194 studiis
1510 1164 1635 1194 vaca-

323 1221 420 1264 bat:
455 1232 624 1274 semper
642 1219 802 1273 aliquid
825 1218 1008 1273 agitabat
1025 1229 1066 1261 et
1086 1223 1448 1265 commentabatur
1463 1250 1479 1272 ,
1514 1222 1631 1273 quod

314 1291 370 1334 rin
408 1291 630 1346 publicum
667 1292 833 1345 edcrct;
868 1292 980 1344 hoc,
1023 1291 1231 1345 quidquid
1267 1303 1384 1344 erat,
1416 1292 1628 1334 aliasrcu-

306 1374 422 1415 «ras,
455 1371 569 1404 certe
609 1362 949 1415 sollicitudines,
994 1375 1045 1403 ex
1076 1363 1216 1406 animo
1254 1363 1475 1419 abigebat:
1509 1373 1627 1405 totus

312 1433 369 1477 in
399 1434 481 1476 hoc
507 1443 593 1476 erat
609 1466 625 1487 ‚
660 1434 780 1487 quasi
812 1448 943 1478 unum
967 1433 1074 1475 illud
1097 1433 1179 1476 sibi
1205 1435 1470 1491 subjiciens,

476 1520 603 1559 MusiS
635 1520 774 1557 amicus
790 1549 802 1563 ‚
832 1521 1015 1557 tristitiam
1040 1530 1075 1558 et
1095 1529 1214 1556 metus

477 1579 635 1622 Tradam
653 1585 837 1632 promi-vis
863 1582 899 1623 in
922 1594 1019 1622 mare
1047 1580 1237 1623 Creticum

579 1649 732 1687 Portare
749 1648 896 1689 ventis:
921 1666 1024 1678 ⁶-—
1048 1647 1070 1699 (
1087 1646 1190 1698 117)

314 1722 391 1779 ‘Et
414 1740 517 1770 vero
546 1739 597 1770 eo
625 1727 758 1782 magis
796 1724 981 1770 miranda
1015 1727 1058 1770 in
1093 1727 1188 1780 ipso
1217 1720 1300 1767 fuit
1327 1724 1399 1768 illa
1425 1724 1636 1779 facilitas,

316 1801 448 1857 [quod
474 1800 636 1854 magnis
664 1812 751 1842 eam
776 1798 819 1841 in
856 1798 1173 1841 difficultatibus
1199 1807 1409 1851 perpetuo
1434 1799 1638 1841 servavit.

332 1869 437 1911 Erat
462 1870 532 1913 illa
559 1870 738 1912 maxime
772 1870 942 1923 quidem
980 1880 1154 1913 naturae
1177 1869 1373 1922 bonitas,
1406 1869 1481 1910 sed
1505 1880 1546 1910 et
1569 1875 1641 1910 ex'-

334 1942 529 1984 ercitatio
557 1941 868 1984 consuetudine
890 1940 975 1982 vim
1001 1951 1175 1983 naturae
1196 1942 1372 1994 adepta,
1405 1952 1536 1992 eaque
1562 1949 1639 1992 pet

319 2025 481 2056 omnes
510 2012 620 2055 vitae
650 2021 789 2065 partes
808 2041 822 2063 .,
854 2009 1046 2064 ingenii,
1079 2010 1320 2064 doctrinae,
1351 2010 1509 2062 animi,
1543 2023 1638 2052 mo-

322 2097 451 2138 rum,
483 2082 757 2138 aequabiliter
792 2080 918 2133 fusa,
948 2081 1174 2135 apparebat
1200 2082 1242 2125 in
1275 2081 1390 2125 omni
1411 2091 1452 2124 et
1484 2082 1640 2125 mentis

333 2165 375 2198 et
409 2155 606 2210 corporis
640 2154 806 2197 actione
840 2163 1076 2206 motuque:
1120 2153 1252 2207 spirat
1289 2153 1412 2196 etiam
1444 2166 1557 2196 nunc
1594 2152 1638 2196 in

332 2224 506 2278 scriptis
530 2224 642 2278 viri,
677 2237 857 2278 quorum
882 2227 1027 2268 nullus
1053 2236 1117 2268 est
1141 2225 1291 2276 locus,
1325 2222 1417 2268 sive
1444 2225 1643 2268 materiae

342 2308 384 2341 et
410 2296 689 2350 eruditionis,
721 2297 813 2342 sive
834 2294 1095 2342 inventionis
1122 2306 1163 2338 et
1187 2294 1336 2350 judicii
1363 2295 1406 2338 in
1429 2296 1637 2350 interpre-

249 2369 469 2421 968tando
494 2377 536 2410 et
560 2370 816 2412 emendando
835 2401 849 2421 ,
882 2369 973 2412 sive
1000 2367 1264 2422 eloquentiae
1291 2377 1332 2409 et
1364 2367 1568 2410 orationis
1594 2367 1637 2408 in

333 2440 577 2483 disserendo
595 2471 611 2495 ,
641 2442 765 2497 cujus
800 2440 1052 2494 praestantia
1090 2451 1133 2487 et¹
1158 2439 1342 2483 suavitas
1376 2452 1463 2482 non
1489 2439 1512 2481 a
1538 2436 1641 2480 faci·-

1590 2507 1643 2550 li·-

327 2608 331 2613 ⁴
391 2594 534 2644 (116)
558 2598 736 2636 Videatur
759 2599 898 2637 Cicero
920 2598 1038 2638 Tusc.
1062 2596 1154 2647 111,
1185 2607 1254 2647 14,
1285 2604 1354 2645 15,
1382 2595 1441 2636 16.

391 2656 541 2709 (¹17)
570 2661 703 2703 Horat.
730 2664 856 2703 Carm.
881 2664 925 2711 1,
950 2664 1025 2712 26,
1056 2674 1090 2703 1.
