1879 3160
401 174 589 223 vi'rA
633 176 693 220 D.
744 167 1199 220 RUHNKENH.
1370 185 1457 233 ως

145 308 240 347 nem
282 301 589 355 opusculorum
630 300 680 342 P.
720 296 778 340 E.
798 295 1069 352 Jablonskii,
1100 295 1227 340 unius
1266 296 1548 348 omnium191

146 377 230 420 hoc
269 375 438 416 saeculo
473 370 799 424 Theologorum
841 367 1147 422 eruditissimi,
1195 369 1464 412 commenda·

145 445 227 489 vit.
288 443 400 486 Nam
428 444 528 486 haec
552 441 603 484 ab
630 441 721 494 ejus
750 438 840 481 filio
869 437 953 480 sibi
981 439 1107 482 missa
1142 441 1263 482 edere
1288 453 1462 496 recepe·

142 525 237 558 rat:
272 526 375 557 mox
396 511 732 556 animadvertens
748 540 764 561 ,
796 522 906 562 opus
932 523 1025 553 esse
1053 512 1213 555 editore
1237 511 1282 556 in
1305 512 1460 558 Orien-

144 587 304 630 talibus
332 582 493 628 Literis
532 590 704 624 versato
721 611 737 634 ,
779 581 1056 626 Schultensio
1083 597 1129 627 ea
1151 584 1348 628 tradidit:
1382 598 1459 629 cu-

142 659 216 713 jus
240 657 468 698 immaturo
495 652 618 697 obitu
644 653 795 694 iterum
823 653 927 696 orba
948 657 1106 699 tutelae
1129 656 1342 700 commisit
1365 670 1461 700 eru.

146 725 345 768 ditissimi
363 725 462 768 item
488 725 678 781 collegae
701 725 936 780 Theologi.
982 727 1094 770 Sunt
1115 742 1220 771 vero
1237 729 1307 772 illa
1325 743 1461 784 opus-

145 801 243 841 cula
278 797 433 853 partim
460 805 579 838 antea
607 796 719 838 edita
749 797 952 851 quidem,
985 801 1060 842 sed
1090 800 1234 843 multis
1264 801 1459 854 partibus

146 869 199 912 ab
236 880 410 912 auctore
443 870 726 922 locupletata:
759 871 893 914 veluti
923 871 1249 926 Disqnisitioncs
1273 872 1324 915 de
1350 873 1460 915 Lin-

143 955 235 997 gua
274 940 513 995 Lycaonio-a
533 953 550 981 :
590 939 919 984 Dissertationes
951 939 1003 983 dc
1045 950 1170 983 terra
1215 941 1348 984 Gosen
1361 974 1380 1007 Α,
1420 951 1463 987 et

148 1013 371 1071 Rcmphah
394 1012 696 1069 Aegyptiorum
719 1012 838 1056 Deo:
868 1012 1214 1056 Exercitationes
1234 1012 1286 1056 de
1310 1015 1464 1058 Nesto·

145 1087 379 1128 rianismo:
408 1083 561 1139 partim
601 1096 704 1126 sunt
738 1085 930 1127 nondum
967 1083 1101 1126 edita:
1135 1085 1270 1127 veluti
1294 1084 1463 1129 Disser-

145 1160 326 1199 tati0nes
353 1154 416 1198 ad
432 1156 562 1199 varia
591 1152 881 1210 Antiquitatis
903 1152 1175 1199 Christianae
1199 1160 1344 1215 capita
1363 1170 1463 1216 per·

147 1230 354 1270 tt'nentes:
398 1236 487 1269 tum
525 1237 627 1268 vero
661 1223 896 1276 exquisitae
929 1238 1042 1280 opus
1078 1227 1326 1283 doctrinae,
1372 1243 1460 1284 quo

146 1297 344 1355 plurimis
380 1297 648 1351 Scriptorum
675 1309 772 1338 cum
800 1308 1047 1350 sacrorum,
1079 1309 1169 1341 tum
1194 1299 1460 1345 Graecorum

150 1370 563 1424 Romanorumque,
594 1368 704 1412 locis
739 1380 853 1412 nova
881 1370 956 1412 lux
976 1370 1236 1426 affunditur,
1268 1368 1461 1416 Collectio

147 1454 288 1488 vocum
324 1443 686 1498 Aegyptiacarum
701 1475 713 1494 ,
747 1453 931 1496 quarum
967 1441 1084 1498 apud
1113 1444 1283 1487 Veteres
1308 1447 1462 1498 mentio

148 1517 364 1567 occurrit,
396 1512 580 1556 describi
609 1523 760 1566 coepta
795 1526 906 1555 anno
935 1527 1075 1567 1722,
1108 1514 1303 1558 absoluta
1327 1529 1456 1569 1740.

150 1583 278 1636 Nos,
311 1593 359 1625 ut
383 1592 424 1624 et
454 1582 783 1637 Jablonskianae
812 1592 852 1625 et
877 1583 1150 1628 Arnobianae
1177 1588 1462 1631 absolvendae

149 1653 357 1705 editioni,
389 1664 484 1694 cum
512 1651 789 1706 bibliopolam
817 1663 907 1697 tum
942 1666 1045 1699 vero
1078 1657 1213 1699 otium
1241 1658 1461 1702 nancisca-

148 1737 218 1769 tur
245 1722 632 1777 praestantissimus
673 1725 842 1778 editor,
874 1726 1115 1770 Literarum
1149 1738 1297 1771 caussa
1338 1740 1461 1784 opta-

149 1808 260 1838 mus.
285 1816 339 1825 —
360 1791 475 1833 Tum
506 1806 680 1846 quoque
709 1796 923 1848 praeclare
950 1798 1103 1840 meruit
1128 1799 1179 1840 de
1197 1799 1331 1844 Celso
1347 1832 1363 1855 ,
1389 1802 1460 1845 In·

145 1865 240 1908 dice
266 1862 494 1907 verborum
523 1865 863 1918 locupletissimo
886 1868 1066 1924 Georgii
1084 1870 1322 1927 Matthiae,
1353 1873 1461 1926 Pro·

146 1934 324 1978 sessoris
365 1936 574 1988 quondam
615 1936 972 1994 Goettingensis,
1004 1952 1044 1984 et
1082 1942 1201 1984 brevi
1229 1944 1459 1998 praefatIO-

148 2019 202 2048 ne
222 2036 237 2057 ,
282 2004 550 2059 bibliopolae
588 2009 758 2053 nomine
795 2014 983 2068 scripta,
1016 2014 1216 2057 addendis
1247 2015 1457 2070 editioni,

150 2090 257 2130 quae
296 2078 453 2121 Leidae
486 2081 600 2134 apud
637 2082 971 2128 Luchtmansios
1010 2085 1121 2128 facta
1157 2095 1222 2129 est
1247 2098 1289 2130 a.
1318 2089 1460 2143 1785,

147 2148 285 2192 forma
312 2151 528 2203 quadrata.
1210 2215 1213 2217 ι
1433 2200 1436 2207 f

207 2221 471 2265 Fructuosus
487 2222 572 2267 fuit
594 2238 728 2269 annus
752 2227 804 2270 ad
828 2228 966 2271 studia
988 2229 1212 2272 doctorum
1238 2228 1459 2272 hominum

151 2291 347 2334 auctione
375 2292 657 2338 bibliothecae
683 2297 984 2341 Gronovianae
1001 2331 1016 2352 ,
1044 2313 1149 2352 quae
1172 2299 1269 2342 inde
1289 2299 1340 2341 ab
1370 2301 1462 2342 lau-

149 2364 216 2406 dis
242 2374 444 2418 auctore,
471 2366 635 2421 Joanne
659 2368 883 2412 Frederico
899 2401 915 2422 ,
946 2383 1022 2423 per
1050 2370 1162 2412 filios
1181 2371 1390 2425 Jacobum
1418 2381 1461 2414 et

148 2433 427 2480 Laurentium
470 2437 779 2491 Theodorum,
812 2449 854 2482 et
889 2451 1090 2493 nepotem
1126 2441 1547 2500 Abrahamum‚192

142 2507 294 2561 Jacobi
327 2507 459 2550 filium
477 2538 493 2560 ,
524 2510 576 2552 ad
600 2519 666 2552 tot
692 2523 782 2553 non
811 2509 939 2551 modo
977 2510 1187 2552 editorum
1214 2511 1419 2556 librorum
1438 2547 1456 2569 ,

147 2578 225 2626 sed
258 2578 509 2623 ineditarum
539 2579 994 2634 animadversionum,
1016 2583 1260 2641 volumina,
1290 2588 1343 2631 ad
1366 2597 1456 2632 tan-

1366 2669 1455 2702 tum
