1879 3160
368 194 453 244 320
649 171 1246 228 ANNOTATIO
1304 188 1378 226 An

363 318 554 353 accurata
577 301 820 346 Latinitatis
845 301 1050 355 scientia,
1089 311 1130 344 et
1157 302 1321 345 exsistit
1361 313 1502 347 certus
1537 305 1663 348 mini*

364 391 514 429 meque
537 375 662 416 fallax
678 375 797 428 epis,
817 375 932 427 quod
959 371 1113 426 quovis
1139 374 1182 416 in
1206 377 1303 416 loco
1330 378 1520 429 postulat
1535 408 1550 428 ‚
1567 390 1664 419 sen·b

367 461 458 490 sus.
518 445 587 486 Ne
613 445 705 497 ipse
737 443 905 496 quidem
922 475 936 494 ‚
969 445 1012 488 in
1042 445 1149 487 bene
1174 444 1325 487 Latine
1351 445 1575 488 scribendo
1599 446 1663 489 fa-

366 517 445 557 cile
480 514 711 568 princeps,
743 515 1052 567 Ruhnkenius,
1084 525 1236 556 rectam
1263 518 1352 571 ejus
1383 517 1586 559 rationem
1613 518 1664 558 ad

362 587 482 628 illum
517 588 687 629 modum
717 586 773 627 ita
806 594 1049 628 constanter
1082 585 1246 638 tenuit,
1292 597 1338 629 ut
1375 599 1589 639 nunquam
1612 586 1663 628 ab

367 671 412 700 ea
437 658 674 709 aberraret,
708 666 748 698 et
771 671 846 699 sua
869 657 959 709 ipse
985 656 1143 710 scripta
1165 658 1382 699 emendare
1410 669 1662 712 cogeretur,

364 740 414 771 ut
435 739 550 782 patet
582 741 632 770 ex
659 728 814 780 prioris
839 729 966 783 hujus
1001 727 1145 781 Elogii
1175 740 1269 768 cum
1295 729 1531 780 posteriorc
1574 729 1662 770 edi·

362 798 492 842 tionis
530 799 872 851 comparatione,
919 811 1041 851 quam
1080 798 1122 840 in
1152 797 1386 852 Opusculis
1419 801 1510 854 ejus
1553 799 1670 841 dedi·

364 884 473 914 rnuS.
531 871 632 926 Quo
663 871 819 924 majore
854 882 965 923 opus
997 880 1061 911 est
1087 869 1138 910 iis
1177 868 1371 912 cautione
1391 900 1406 922 ,
1440 870 1513 923 qui
1545 882 1630 912 eam
1651 893 1668 921 ·,

371 950 477 994 quae
517 939 600 982 fuit
637 939 679 982 in
713 941 999 992 Ruhnkenio‚
1045 939 1257 984 scribendi
1286 951 1325 983 et
1362 941 1600 984 facultatem
1623 945 1665 982 et

363 1011 606 1054 facilitatem
632 1012 818 1055 nondum
841 1009 1022 1051 assecuti
1049 1022 1163 1054 sunt.
1214 1011 1381 1055 Praeter
1406 1014 1542 1066 alios,
1566 1027 1665 1067 pas·

367 1084 445 1126 sim
483 1084 558 1125 hac
587 1084 637 1125 de
667 1096 709 1124 re
734 1083 898 1123 monuit
934 1083 1006 1124 Cl.
1036 1082 1239 1125 Mahnius
1267 1084 1310 1126 in
1340 1085 1486 1139 Epist.
1515 1085 1661 1127 Sodal.

363 1155 550 1198 Philom.
573 1153 749 1196 laudatis
783 1151 904 1193 etiam
934 1163 980 1204 p.
1001 1163 1102 1204 259.
1131 1152 1266 1205 ipsius
1291 1145 1592 1206 Philoniathis‚
1625 1155 1668 1196 id

369 1235 432 1267 est
447 1222 770 1278 XVyttenbachii
781 1252 796 1274 ,
811 1221 1076 1265 Adversariis
1091 1237 1106 1278 3
1127 1235 1232 1276 quae
1244 1252 1260 1276 ,
1276 1225 1466 1277 quamvis
1483 1224 1636 1267 frustra
1650 1253 1667 1279 ‚

368 1309 463 1338 eum
493 1294 698 1338 editurum
724 1293 926 1347 speravit.

355 1400 359 1402 .
426 1367 472 1411 Ρ.
508 1370 578 1421 36.
654 1366 870 1408 Historiae
904 1355 1208 1420 Philosophicae
1232 1365 1253 1420 ]
1324 1359 1503 1409 Rectius
1546 1364 1664 1407 Hist.

372 1438 667 1494 Philosophae‚
698 1437 765 1478 vel
786 1434 1099 1488 Philosophiae:
1131 1435 1248 1485 quod
1279 1447 1356 1477 nec
1380 1435 1664 1480 Ruhnkenius

371 1507 613 1562 ignoravit,
658 1516 698 1547 et
738 1503 1096 1558 wyttenbachius
1116 1534 1131 1556 ‚
1172 1503 1350 1547 subinde
1379 1505 1434 1548 ita
1467 1509 1667 1555 locutus.

371 1586 521 1631 postea
547 1574 770 1629 pristinum
807 1585 991 1616 errorem
1027 1575 1236 1628 correxit,
1269 1575 1401 1618 veluti
1426 1576 1469 1619 in
1500 1590 1545 1620 ea
1566 1578 1668 1621 Dis-

370 1645 606 1700 putationis
629 1647 679 1688 de
692 1647 892 1688 Veterum
909 1646 1069 1689 Placito
1085 1647 1134 1689 de
1159 1647 1477 1690 Immortalitate
1492 1647 1670 1691 Animo-

371 1730 461 1760 rum
475 1728 617 1772 parte,
645 1731 767 1771 quam
791 1716 988 1769 deinceps
1004 1717 1237 1761 Phaedonis
1259 1717 1465 1762 Platonici
1493 1717 1669 1760 editioni

371 1789 550 1844 adjecit,
577 1788 741 1841 aliquot
763 1788 870 1832 locis
891 1799 1119 1831 correctam
1146 1799 1186 1831 et
1210 1801 1371 1833 auctam
1389 1820 1403 1842 ,
1435 1800 1482 1831 ut
1507 1800 1547 1831 et
1577 1789 1670 1842 ipse

373 1860 528 1902 fatetur
564 1860 750 1904 Philoni.
792 1861 846 1905 L.
871 1858 949 1904 ΙΙΙ.
981 1873 1027 1915 Ρ.
1056 1875 1130 1915 44.
1163 1872 1204 1904 et
1239 1863 1332 1905 data
1363 1863 1491 1914 opera
1523 1859 1668 1902 confe-

373 1932 483 1975 renti
512 1932 688 1985 patebit.
748 1933 890 1975 Habet
927 1944 1061 1975 autem
1097 1933 1240 1975 talium
1279 1933 1470 1972 locorum
1498 1941 1670 1982 compa·

374 2003 482 2046 ratio
504 2003 644 2045 utilem
665 2003 894 2058 juvenibus
918 2002 1161 2045 Latinitatis
1191 2001 1395 2044 studiosis
1423 1999 1528 2042 bene
1551 2000 1669 2053 cogi-

372 2074 486 2117 tandi
517 2073 811 2126 scribendique
835 2073 1194 2115 exercitationem.

429 2145 538 2190 Ibid.
598 2143 882 2186 Involamibos
892 2143 990 2197 fere
1008 2146 1054 2185 in
1076 2145 1196 2186 illam
1220 2168 1274 2177 -—
1301 2139 1635 2200 compilatoribus
1651 2166 1668 2192 9

372 2220 476 2275 qni,
505 2215 648 2270 caet.]
707 2215 961 2260 B-ruckcrum
987 2216 1061 2257 hac
1089 2213 1415 2268 reprehensione
1440 2211 1669 2266 significat,

376 2299 500 2340 quem
526 2286 569 2329 in
605 2285 792 2329 Dissert.
837 2287 887 2327 de
916 2286 1116 2340 Longino
1149 2288 1188 2337 ξ.
1219 2285 1310 2337 111,
1343 2284 1509 2338 OPUSC.
1544 2282 1601 2324 T.
1630 2284 1664 2324 1.

373 2372 422 2413 p.
451 2372 531 2412 491
552 2388 566 2408 ,
598 2357 752 2399 diserte
789 2357 961 2401 vocavit
996 2359 1202 2400 'histom‘ao
1235 2355 1533 2414 philosophicae
1563 2363 1666 2396 com-

361 2429 604 2484 pilatorom.

429 2498 534 2540 Ibid.
569 2498 865 2555 Versionibus]
897 2500 1082 2545 Praestat
1107 2497 1536 2560 interpretationibus.
1559 2493 1661 2537 Vici.

373 2567 484 2612 Add.
510 2568 675 2621 Opusc.
701 2571 878 2617 Ruhnk.
913 2583 953 2616 et
979 2572 1039 2617 cf.
1063 2573 1156 2618 Vit.
1185 2572 1412 2627 W'yttenb.
1445 2583 1493 2624 p·
1524 2579 1623 2620 139·

1520 2651 1568 2695 P.
1595 2663 1663 2704 39,
