1879 3160
417 184 600 231 VITA
647 188 706 231 D.
759 185 1219 233 RUHNKENII.
1395 200 1486 248 293

164 308 282 354 domi
304 309 394 364 ejus
423 309 502 354 fui.
562 308 623 352 Et
649 309 767 363 quod
804 308 914 352 Cato
946 309 1105 365 (125)
1135 319 1302 364 narrat,
1333 325 1379 355 se
1414 314 1474 370 Q.

162 378 282 424 Fabii
309 378 492 422 Maximi
512 392 708 423 sermone
731 379 788 422 ita
817 380 973 435 cupide
998 380 1082 422 frui
1105 382 1278 425 solitum
1304 382 1470 438 fuisse,

162 449 285 504 quasi
314 450 550 504 divinaret,
582 449 625 492 id
654 451 771 502 quod
794 451 966 504 evenit,
998 451 1072 493 illo
1101 452 1344 506 exstinct0,
1376 453 1472 498 fore

162 523 275 565 unde
301 523 505 573 disceret,
536 519 772 563 neminem:
809 521 866 564 ita
896 535 975 576 ego
993 553 1008 575 ,
1043 536 1129 576 quo
1158 525 1289 579 magis
1316 526 1473 571 Ruhn-

161 593 333 637 keniurn
361 601 492 635 aetate
518 591 719 646 progredi
753 591 943 635 videbam
961 625 976 645 ,
1010 605 1060 635 eo
1096 594 1227 648 magis
1263 597 1355 650 ejus
1382 599 1474 640 col·

162 665 310 718 loquia
340 663 620 717 appetebam;
668 676 757 706 non
790 665 910 717 quasi
949 664 1212 718 divinarem,
1244 668 1320 709 sed
1355 669 1472 722 quod

162 745 281 778 certo
321 735 535 784 sciebam,
583 746 632 775 eo
670 745 870 786 mortuO,
918 733 1041 788 fore,
1086 735 1198 777 unde
1233 736 1470 791 diScerem,

160 805 401 850 neminem:
444 817 521 848 nec
555 804 692 856 adeo,
727 803 831 857 quin
867 814 1011 846 essent
1045 804 1306 849 Ruhnkenio
1345 808 1470 854 etiam

163 876 303 920 minus
332 876 479 928 docti,
508 876 530 917 a
557 875 714 928 quibus
734 887 812 928 ego
838 875 999 917 discere
1023 888 1220 928 possem:
1256 878 1331 919 sed
1353 878 1471 930 quod

164 960 310 990 eorum
343 959 467 989 nemo
494 956 647 989 tantam
668 978 683 999 ,
717 956 916 1000 quantam
951 945 1046 997 ille,
1077 947 1261 989 docendi
1288 961 1382 990 cum
1408 949 1470 993 fa-

161 1022 389 1077 cultatem,
423 1029 511 1060 tum
542 1031 639 1072 erga
664 1031 730 1060 me
759 1020 1054 1070 voluntatem,
1087 1018 1309 1061 habiturus
1339 1031 1471 1065 esset.

159 1091 296 1146 Igitur
326 1090 542 1144 legendam
581 1089 618 1132 ei
657 1089 753 1131 dedi
789 1088 1090 1142 praefationem
1118 1090 1169 1132 acl
1195 1089 1472 1133 Animadver-

160 1146 309 1204 siones
347 1160 652 1212 Plutarcheas,
683 1172 730 1200 ac
765 1158 1113 1212 Disputationem
1143 1164 1194 1203 de
1225 1161 1368 1215 spuria
1396 1176 1472 1204 au·

159 1230 355 1275 ctoritate
382 1229 517 1273 libelli
547 1229 615 1272 De
644 1228 910 1272 Educatione
938 1230 1222 1274 Liberorum:
1252 1232 1326 1274 has
1357 1232 1470 1276 enim

162 1300 418 1356 scriptiones
452 1303 590 1356 legere
614 1301 843 1355 cupiebat,
876 1312 918 1344 et
945 1313 991 1345 ut
1027 1303 1111 1346 sibi
1146 1303 1351 1346 adferrem
1378 1306 1474 1359 J'us-

160 1384 291 1417 serat.
351 1373 482 1428 Legit
509 1387 577 1416 eas
606 1386 695 1417 non
717 1375 856 1415 solum
884 1373 1097 1428 libenter,
1129 1375 1205 1417 sed
1229 1375 1352 1417 etiam
1375 1375 1474 1418 dili·

163 1454 335 1498 genter3
369 1444 555 1497 probans
581 1446 853 1488 vehementer
887 1459 1018 1488 meam
1048 1447 1331 1500 sententiam,
1361 1448 1476 1503 judi-

164 1514 277 1557 cium
311 1515 362 1556 de
398 1516 682 1571 complurium
715 1519 909 1559 locorum
938 1515 1170 1559 Latinitate
1206 1517 1475 1560 accuratissi-

164 1597 280 1645 mum
306 1597 505 1630 exercens
519 1618 534 1640 ,
560 1597 602 1629 et
624 1600 749 1630 manu
766 1587 957 1641 quamvis
978 1590 1156 1630 tremula
1176 1589 1474 1633 conscribens.

163 1658 299 1701 Porro
325 1656 606 1701 confabulans
634 1670 798 1699 mecum
816 1689 831 1711 ,
863 1658 1156 1711 interpellatus
1183 1660 1361 1703 subinde
1383 1673 1474 1703 tus·

165 1727 231 1780 si,
264 1740 462 1771 monente
489 1743 582 1782 me,
615 1741 663 1772 ut
687 1739 787 1783 post
809 1728 959 1770 tussim
980 1739 1130 1781 pectus
1156 1733 1470 1786 pulmonesque

165 1800 337 1842 silentio
365 1799 628 1853 aliquantum
666 1800 890 1852 reficeret,
920 1801 991 1842 ille
1029 1801 1174 1842 eodem
1202 1802 1350 1856 vigore
1383 1817 1472 1846 ser-

165 1882 337 1912 monem
366 1870 612 1923 repetebat,
639 1872 782 1916 dicens
799 1903 815 1925 ,
841 1873 941 1914 haec
966 1885 1045 1914 non
1071 1883 1130 1914 cst
1154 1875 1236 1915 m'si
1256 1875 1358 1918 levis
1380 1887 1473 1919 tets-

161 1942 314 1995 ,sicula-
373 1941 621 1994 Numquam
651 1958 740 1988 non
765 1942 980 1996 colloquia
1006 1943 1072 1986 vel
1099 1942 1150 1984 de
1174 1942 1333 1986 Literis
1350 1977 1364 1998 ,
1394 1948 1465 1990 vel

165 2014 217 2056 de
239 2013 366 2055 rebus
393 2013 520 2056 novis
551 2015 717 2057 bellicis
749 2024 820 2056 aut
846 2014 1076 2067 civilibus,
1109 2016 1328 2068 captabat:
1363 2026 1563 2077 sem-276

168 2099 244 2141 per
280 2098 376 2128 cum
405 2085 550 2129 amicis
590 2097 684 2131 eum
726 2084 1011 2127 invisentibus
1041 2085 1092 2126 de
1128 2084 1219 2127 suis
1260 2089 1473 2142 cujusque

167 2156 294 2200 rebus
321 2169 369 2198 ac
395 2156 546 2198 studiis
574 2156 857 2209 loquebatur:
893 2155 1114 2209 narrabat,
1149 2171 1274 2210 quem
1301 2160 1393 2212 ipse
1423 2161 1474 2202 li-

170 2229 295 2271 brum
328 2228 521 2281 proxime
546 2229 766 2279 editurus,
801 2225 957 2279 quibus
993 2225 1037 2268 in
1069 2229 1175 2271 locis
1217 2240 1258 2270 et
1295 2230 1476 2281 quibus·

171 2313 269 2344 cuin
307 2298 437 2342 sociis
462 2309 721 2350 venaturus,
755 2310 878 2352 quam
914 2308 1056 2336 canem
1092 2298 1160 2339 cui
1186 2298 1323 2340 officio
1357 2301 1476 2345 adhi-

170 2372 342 2415 biturus
375 2380 498 2413 esset.
561 2371 608 2413 Si
634 2373 754 2414 solus
781 2378 894 2418 erat,
927 2366 1106 2408 habebat
1141 2367 1230 2409 fere
1265 2368 1309 2412 in
1347 2373 1479 2417 mani-

165 2444 253 2490 ¹bus
289 2442 471 2496 aliquem
509 2441 719 2484 Graecum
763 2438 1021 2482 Latinumve
1058 2436 1348 2495 Scriptorem,
1391 2457 1476 2494 non,

1386 2528 1479 2564 iufi-

226 2599 362 2651 (υς)
391 2597 503 2648 Apud
531 2598 754 2638 Ciceronem
784 2595 829 2634 de
855 2596 1082 2645 Senectute,
1109 2596 1204 2649 Cap.
1228 2597 1298 2643 IV,

906 2658 937 2706 Γ
969 2673 994 2716 4
