1879 3160
280 190 380 246 428.
555 178 1156 231 ANNOTAT10
1216 197 1290 229 A„

285 311 399 362 sint,
432 319 484 352 ne
515 303 610 357 quis
645 301 838 356 dubitet,
870 303 1019 348 docuit
1057 305 1225 350 Censor
1258 304 1442 351 Philom.
1474 311 1507 354 1.
1536 323 1580 355 c.

283 395 333 436 p.
367 381 442 423 126
473 389 540 427 sq.
575 383 616 415 et
647 386 748 432 133.

333 451 441 497 Ibid.
482 445 778 488 Valckenaeru·
801 467 857 476 —
885 448 1192 492 humanissimis
1228 449 1401 504 literis]
1457 450 1580 494 editis

283 537 308 567 a
335 522 374 564 T
377 521 582 563 ittmanno
609 519 706 559 loco
736 530 865 570 supra
889 521 1056 561 laudato
1086 534 1131 573 p.
1158 523 1214 574 46
1242 535 1342 575 sqq.
1595 507 1599 511 ⁴

339 594 389 636 P.
413 593 484 646 83.
532 588 827 647 Specim'inibus
859 590 1164 646 typographicis
1200 614 1252 625 —
1283 591 1580 650 inspiciendis]

283 667 349 710 De
377 675 463 717 quo
487 669 655 722 eonstat
689 673 739 702 ex
762 659 845 712 iis,
877 673 983 713 quae
1011 661 1137 703 modo
1169 663 1386 706 attulimus
1409 665 1459 706 ad
1482 676 1582 718 pag.

216 788 226 802 Ἰ
285 739 356 779 81.
401 754 455 766 —
484 732 727 791 Ceterum,
764 742 929 786 praeter
965 720 1280 776 haec‘Ernesto
1318 736 1585 790 suppeditata

282 802 472 866 subsidia
495 802 777 847 Callimachea
794 833 810 856 ,
835 812 876 844 et
895 803 1204 857 Xenophontea
1225 805 1333 849 infra
1354 816 1584 848 memorata.

281 892 330 932 p.
361 888 474 931 155,
505 875 550 918 in
574 875 869 932 Aristophanis
899 874 1019 917 etiam
1057 875 1200 918 Nubes
1236 875 1385 918 Varias
1412 875 1586 917 Lectio-

282 962 362 993 nes
383 961 476 990 eum
495 947 670 991 Codicis
684 947 936 1000 Leidensis,
960 956 1048 989 tum
1067 946 1167 988 aiias
1182 978 1197 998 ‚
1222 960 1316 988 suas
1336 945 1432 988 item
1450 931 1599 998 ipsius'

281 1021 329 1063 in
359 1019 531 1062 Scholia
565 1019 783 1072 Notulas,
826 1018 956 1061 eidem
995 1018 1230 1061 transmisit
1269 1016 1588 1068 Ruhnkenius,

284 1093 410 1147 cujus
442 1091 618 1134 schedas
650 1105 672 1134 e
705 1089 888 1135 tenebris
925 1089 1143 1133 revocavit
1172 1089 1446 1131 Tittmannus
1478 1087 1585 1129 ibid.

281 1176 331 1218 p.
362 1162 621 1215 118-136.
666 1174 712 1203 ea
746 1174 848 1205 vero
884 1163 1024 1203 omnia
1058 1162 1223 1203 demum
1247 1191 1263 1214 ,
1302 1169 1349 1202 ut
1386 1159 1588 1210 videtur,

284 1242 388 1287 post
423 1231 641 1285 repetitam
677 1231 903 1275 editIOnem
946 1231 1234 1274 KusterIanam
1280 1244 1374 1273 cum
1410 1228 1587 1277 Ernesti

284 1302 581 1355 Praefatione,
626 1302 799 1355 Lipsiae
836 1313 965 1356 1753.
1008 1301 1213 1355 siquidem
1255 1301 1296 1343 in
1346 1300 1460 1343 intus
1496 1297 1590 1340 No·

287 1376 390 1418 tulis
429 1375 650 1433 laudantur
680 1372 873 1416 Piersoni
909 1372 1109 1425 Moeris,
1142 1369 1422 1424 &Vesselingii
1449 1367 1590 1410 Hero-

287 1448 446 1500 dotus,
476 1446 555 1489 alia
573 1476 587 1497 ‚
618 1455 720 1486 tunc
744 1443 947 1497 temporis
979 1441 1147 1494 quidem
1169 1441 1356 1482 nondum
1387 1441 1430 1480 in
1452 1440 1591 1480 lucem

285 1521 468 1574 prolata.
530 1518 594 1559 Ita
627 1525 676 1556 ut
699 1513 850 1555 mirum
889 1525 977 1555 non
1009 1511 1094 1563 sit,
1139 1510 1255 1563 quod
1292 1507 1441 1551 scribit
1475 1507 1591 1549 Titt-

287 1601 500 1641 mannus,
530 1585 574 1627 in
609 1583 661 1626 iis
696 1582 870 1637 reperiri
906 1584 1140 1636 nonnulla,
1185 1593 1290 1634 quae
1322 1580 1367 1624 in
1401 1579 1587 1623 editione

284 1658 513 1706 Ernestina
536 1656 842 1699 desiderantur.

342 1734 394 1777 P.
423 1734 497 1784 83.
549 1727 666 1783 Quae
702 1738 850 1767 caussa
884 1736 1069 1770 moverat
1108 1726 1336 1770 Ernestum
1366 1746 1420 1756 —-
1449 1723 1592 1767 eadem

289 1800 406 1860 apud
436 1799 665 1842 Gesnermn
701 1797 868 1850 valuit,
903 1801 1119 1853 quominus
1148 1798 1466 1840 Ruhnkenianis
1506 1797 1591 1838 Or-

281 1875 436 1933 pheum
471 1880 675 1922 ornaret,
705 1869 821 1925 cet.]
876 1869 1049 1926 Quanto
1084 1870 1225 1913 studio
1264 1869 1412 1924 legerit
1439 1867 1596 1910 Ruhn-

286 1946 440 1989 kenius
465 1943 683 1996 Orpheum
700 1971 717 1994 ,
748 1943 870 1996 qu'us
893 1941 996 1984 adeo
1026 1943 1174 1985 edendi
1201 1942 1423 1994 aliquando
1452 1938 1594 1982 consi·

288 2017 345 2060 lia
375 2013 626 2070 agitaverit,
657 2012 898 2056 monuimus
925 2011 969 2055 in
993 2011 1174 2056 Praefat.
1207 2011 1374 2064 Opusc.
1408 2011 1589 2054 Ruhnk.

287 2100 336 2142 p.
350 2099 430 2129 xx.
482 2085 628 2127 Locus
643 2083 918 2127 Praefationis
934 2081 1310 2135 Hambergetianae
1335 2092 1398 2124 est
1415 2096 1461 2136 p.
1478 2095 1589 2127 vm.

346 2158 397 2200 P.
426 2158 496 2200 86.
542 2158 589 2199 Si
624 2170 731 2212 quae
762 2154 881 2210 forto
916 2153 1013 2196 inde
1054 2163 1157 2195 uam
1199 2163 1296 2196 esset
1331 2152 1587 2210 disjunctio]

289 2230 608 2273 Lindemannus
653 2238 731 2279 pro
768 2228 805 2266 si
841 2239 947 2282 quae
982 2226 1136 2268 rectius
1174 2224 1385 2280 judicasse
1422 2223 1591 2266 videtur

290 2305 451 2358 siqua,
495 2294 741 2340 auctoribus
780 2296 996 2345 Prisciano
1034 2296 1106 2348 V,
1152 2309 1221 2338 12.
1265 2305 1306 2336 et
1347 2294 1592 2337 Goerenzio

292 2374 344 2415 ad
383 2372 481 2415 Cic.
525 2368 660 2411 Acad.
699 2370 773 2421 ΙΙ,
818 2369 916 2412 262.
993 2367 1123 2424 Quod
1158 2379 1244 2408 non
1287 2376 1351 2408 est
1396 2377 1589 2408 necesse.

292 2444 438 2495 Nam,
483 2440 562 2484 etsi
617 2452 768 2483 sensus
805 2441 890 2483 loci
937 2439 1126 2493 postulat
1163 2438 1198 2478 si
1233 2450 1347 2492 qua,
1391 2446 1439 2477 ut
1481 2434 1593 2489 apud

291 2512 452 2568 Virgil.
484 2514 597 2558 Aen.
631 2512 702 2566 ΙΙ,
743 2526 854 2568 537:
898 2514 934 2555 si
966 2524 1050 2569 qua
1083 2519 1142 2554 cst
1175 2510 1278 2553 coelo
1311 2511 1444 2566 pictas
1486 2519 1592 2564 quae

1528 2585 1595 2617 ta-
