1879 3160
398 153 688 201 VITAM
745 149 1287 198 RUHNKENII.
1413 165 1496 207 413

257 278 369 323 lbid.
430 280 649 335 Seorsim]
720 277 1029 331 Corrigendum
1056 303 1072 329 ‚
1124 276 1175 319 de
1212 273 1501 318 admonitione

201 351 398 408 Scioppii
423 353 577 396 Infam.
616 353 731 394 Fam.
758 362 806 402 p.
839 359 923 401 54,
956 347 1253 402 aliorumque,
1283 359 1460 389 seorsum
1480 376 1497 399 ,

200 433 341 464 ortum
375 424 535 478 quippe
571 435 624 464 ex
652 422 844 475 pleniore
877 430 1109 472 sevonum,
1142 434 1221 475 pro
1263 423 1498 470 seversum3

197 493 483 547 compositum
521 505 573 537 ex
607 507 677 544 se,
710 490 978 548 disiungendi
1009 490 1242 544 particula,
1283 501 1326 534 et
1361 503 1502 534 versus

200 566 268 606 vel
295 576 498 606 versum:
545 565 755 618 significat
799 575 898 618 ergo
933 563 1159 617 separatim
1180 589 1196 614 ‚
1240 559 1500 617 disjunctim.

197 632 355 675 Eadem
382 643 446 676 est
476 634 651 678 aliorum
686 637 824 679 ratio:
870 644 918 678 ut
954 631 1152 675 advorsus
1189 641 1232 674 et
1269 633 1501 687 adversus,

197 704 420 749 advorsum
464 717 505 749 et
531 705 782 761 ad2·ersum‚·
811 706 998 749 deorsam
1034 712 1077 745 et
1107 699 1273 745 deorsus
1289 732 1304 756 ‚
1353 717 1403 746 ex
1429 703 1503 746 dc-

199 789 340 819 vorsus
378 790 456 831 pro
490 777 701 822 devemus.
770 779 885 820 Male
922 775 1112 831 positum
1136 773 1363 826 aliquoties
1390 788 1502 817 seor-

202 848 278 886 sim
327 845 372 888 in
419 846 684 892 Bibliotheca
728 849 890 893 Critica
916 877 932 901 ,
987 847 1078 901 ipse
1116 846 1324 888 emendari
1371 845 1502 900 J‘ussit

201 916 563 971 wyttenbachius
598 920 641 963 in
675 916 953 974 Corrigendis
985 917 1036 959 ad
1069 918 1222 958 calcem
1262 916 1396 958 Partis
1432 929 1502 958 ex-

199 999 379 1042 tremae3
415 991 482 1032 hic
505 991 633 1042 item,
666 1001 707 1033 et
735 989 844 1033 infra
869 1002 918 1042 p.
954 990 1053 1041 169.
1085 984 1265 1038 aliisque
1289 984 1428 1038 locis,
1457 986 1503 1028 in

202 1062 328 1102 altera
350 1061 387 1103 si
414 1062 579 1114 quando
605 1061 805 1104 Editione
831 1070 1122 1103 correcturus·

256 1131 305 1173 P.
341 1143 413 1184 53.
453 1134 781 1176 Valckenacrias
801 1156 848 1166 -
875 1140 1140 1174 tractaverat
1163 1128 1426 1170 Ammonium
1451 1124 1503 1168 dc

198 1199 465 1256 Differentiis
498 1202 819 1258 vocabulorum]
872 1202 923 1244 ab
964 1200 1059 1255 ipso
1095 1199 1252 1243 editum
1296 1199 1500 1253 Lugduni

199 1273 453 1316 Batavorum
480 1286 610 1328 1739.
672 1273 738 1316 De
776 1273 969 1316 Piersoni
1006 1272 1204 1315 Moeride
1239 1282 1279 1314 et
1302 1271 1502 1314 Bel-nardi

197 1342 366 1387 Thoma
392 1344 604 1399 Magistro
630 1357 696 1387 res
719 1356 820 1388 nota
850 1356 940 1394 est,
971 1355 1067 1386 cum
1103 1342 1299 1394 aliunde,
1334 1351 1420 1382 tum
1449 1352 1502 1383 ex

196 1426 324 1467 supra
349 1414 474 1457 dictis
503 1428 550 1468 p.
577 1427 653 1467 45.
727 1414 885 1457 Eadem
923 1413 1077 1456 Koenii
1107 1413 1212 1456 ratio
1251 1410 1499 1454 Corinthum

194 1485 244 1526 de
275 1483 480 1527 Dialectis
509 1484 701 1536 edentis,
727 1484 816 1527 sive
842 1485 987 1537 potius
1018 1496 1120 1526 vero
1146 1482 1316 1525 nomine
1343 1482 1501 1538 Grego-

194 1556 307 1595 riam
344 1553 379 1596 C
378 1555 605 1596 orintlziam
625 1584 640 1606 ,
679 1557 747 1597 vel
787 1566 828 1598 et
861 1556 1052 1598 Corinthi
1081 1555 1357 1612 Episcopum:
1399 1553 1496 1607 ipso

192 1624 332 1678 judice
369 1624 535 1668 Koenio
565 1625 607 1668 in
642 1625 823 1669 Praefat.
857 1640 901 1680 p.
927 1638 1011 1668 ΧΗ.
1052 1638 1121 1678 sq.
1162 1635 1202 1667 et
1238 1624 1496 1668 Ruhnkenio

196 1693 284 1749 Ep.
316 1696 366 1738 ad
403 1695 510 1738 Ern.
538 1696 669 1741 VlIl.
703 1697 870 1752 Opusc.
904 1695 964 1741 T.
991 1696 1051 1740 II.
1084 1710 1130 1751 p.
1159 1700 1260 1750 845.
1321 1698 1387 1740 De
1410 1695 1499 1738 He-

195 1764 312 1818 ringa
340 1765 437 1808 item
463 1780 588 1820 supra
615 1768 816 1813 diaimus.

252 1836 302 1880 P.
337 1851 410 1890 54.
471 1838 662 1880 Platonis
696 1836 874 1881 dictione
898 1861 948 1870 —
970 1849 1010 1882 et
1042 1842 1258 1882 nominata
1289 1850 1328 1882 et
1349 1838 1498 1882 habita

192 1905 373 1964 divina]
434 1909 536 1952 Vid.
578 1909 807 1962 Wyttenb.
846 1910 984 1954 Praef.
1024 1913 1076 1954 ad
1109 1912 1322 1956 Phaedon.
1350 1923 1397 1964 p.
1421 1921 1492 1953 v1.

192 1976 360 2031 Opusc.
415 1979 473 2023 T.
502 1984 563 2024 ΙΙ.
609 1995 655 2034 p.
680 1995 755 2035 92.
827 1985 923 2035 lpse
959 1984 1111 2036 Plato,
1153 1981 1492 2039 Philosophorum

194 2045 310 2088 Deus
335 2047 535 2091 celebrari
557 2052 694 2092 solet:
726 2062 772 2094 ut
794 2066 922 2107 supra
947 2067 993 2108 p.
1018 2058 1092 2109 48.
1123 2055 1231 2099 infra
1256 2069 1300 2109 p.
1332 2066 1403 2108 55.

246 2118 296 2161 P.
331 2129 404 2172 55.
462 2121 617 2163 Proati
643 2148 690 2156 —
716 2124 805 2180 ita]
849 2125 892 2167 id
929 2136 1023 2180 est,
1056 2127 1404 2180 quemadmodum
1435 2147 1490 2159 -

190 2189 334 2230 eodem
361 2191 505 2233 modo,
562 2190 666 2235 Vid.
695 2207 824 2249 supra
855 2210 902 2251 p.
931 2201 973 2244 8.

247 2258 357 2302 lbid.
416 2263 676 2318 Utramque,
707 2269 844 2309 atita
871 2267 1035 2318 dicam,
1063 2271 1269 2324 paginam
1287 2265 1487 2321 faciunt]
1554 2261 1559 2280 ²

185 2328 470 2373 Proverbialis
498 2335 690 2388 locutio,
723 2338 848 2380 ducta
874 2348 955 2381 tam
985 2351 1034 2380 ex
1072 2339 1273 2382 Veterum
1297 2335 1487 2379 seriben-

187 2400 227 2442 di
269 2414 384 2443 more
410 2428 428 2455 ,
475 2415 596 2455 quam
637 2419 686 2447 ex
728 2407 852 2450 Plinii
893 2411 990 2452 loco
1031 2409 1148 2452 Hist.
1185 2408 1292 2454 Nat.
1331 2410 1405 2461 11,
1436 2420 1482 2460 7.

184 2470 318 2515 Conf.
350 2471 515 2514 Ei‘asmi
539 2474 675 2531 Adag.
708 2491 755 2532 p.
789 2481 887 2522 182.

1373 2546 1487 2593 Ibid.
