1879 3160
347 210 626 262 VITAM
686 210 1218 262 RUHNKENII.
1367 230 1449 275 371

155 333 206 381 de
238 337 465 392 proposito
496 350 575 382 suo
614 335 836 379 certiorem
879 335 1111 381 reddiderat
1149 336 1260 394 (²¹¹).
1332 339 1455 394 Lug-

152 407 310 450 dunum
359 409 521 460 redux,
563 422 645 463 qua
685 408 746 450 ibi
773 407 956 462 primum
983 408 1137 452 vixerit
1173 410 1453 466 conditione,

152 477 366 522 literarum
396 479 549 522 studiis
593 479 762 532 multo,
796 491 920 532 quam
956 478 1016 521 rei
1043 478 1289 537 faciendae,
1320 483 1453 540 magis

153 561 430 604 opportuna,
462 561 557 591 cum
586 561 637 591 ex
659 549 752 592 aliis
777 549 1028 604 intelllgitur
1044 550 1208 595 illarum
1229 553 1281 596 ad
1305 552 1457 598 D’Or-

147 621 314 665 Villium
338 621 631 676 Epistolarum
668 619 806 672 locis,
839 628 927 661 tum
967 633 1017 662 cx
1050 633 1101 664 eo
1134 625 1282 678 quod,
1314 638 1458 681 spreta

147 693 368 737 hominum
390 691 765 746 Amplissimorum
790 703 885 734 eum
901 687 1061 747 Leidad
1085 695 1353 738 evocantium
1378 709 1461 739 vo·

145 765 309 806 luntate
336 794 351 817 ,
395 764 521 806 malle
558 777 629 817 se,
674 763 761 816 ait,
800 773 934 818 parce
973 776 1024 804 ac
1061 768 1246 808 tenuiter
1284 768 1457 820 vivere,

145 847 274 890 quam
310 832 541 876 hominibus
583 834 784 890 opulentis
819 834 906 876 illis
951 833 1116 889 quidem
1151 832 1224 875 sed
1257 837 1454 888 ἀμούσοις

145 917 312 963 operam
336 920 456 948 suam
480 904 692 947 addicere.
736 904 906 961 Quibus
933 905 1075 948 verbis
1102 918 1212 958 quos
1241 906 1456 961 significa·

145 977 255 1019 verit
275 976 470 1021 homines
492 976 619 1019 nobis
648 976 815 1029 quidem
845 989 934 1020 non
969 977 1100 1031 magis
1128 976 1293 1028 liquet,
1328 990 1454 1030 quam

147 1048 244 1102 quis
276 1048 409 1090 fuerit
445 1047 690 1101 magnificae
730 1047 876 1098 illius,
910 1058 1034 1097 quam
1071 1058 1201 1099 supra
1232 1047 1453 1102 diximus,

143 1116 449 1173 promissionis
474 1117 630 1158 exitus.
686 1112 872 1158 Tantum
900 1125 1100 1166 constat,
1132 1128 1227 1158 eum
1256 1117 1453 1170 proximo

143 1202 253 1232 anno
281 1191 386 1242 1748
411 1185 567 1228 lautius
585 1185 806 1240 degentem
826 1187 964 1228 studia
989 1186 1249 1229 moderatum
1268 1202 1360 1232 esse
1374 1203 1455 1234 no-

142 1257 432 1315 bilisJuvenis
451 1288 465 1310 ,
492 1256 666 1300 Nicolai
689 1259 739 1300 de
766 1256 1036 1309 Dierquens:
1088 1270 1275 1309 quocum
1293 1292 1309 1313 ,
1337 1264 1454 1305 vale-

140 1332 287 1374 tudine
299 1331 440 1374 minus
454 1341 662 1384 prospera
677 1337 824 1370 utente
837 1359 851 1381 ,
868 1329 920 1370 ad
931 1328 1065 1372 aviam
1080 1332 1172 1386 eJ'us
1188 1362 1201 1384 9
1217 1343 1453 1375 matronam

139 1402 548 1456 splendidissimam,
577 1399 767 1443 Harlemi
789 1399 1044 1445 habitantem
1060 1433 1076 1457 ,
1103 1402 1361 1455 aliquamdiu
1385 1416 1452 1445 se-

138 1475 371 1517 cedendum
409 1472 472 1514 illi
511 1470 658 1513 suerit.
729 1471 836 1514 Vid.
865 1473 984 1527 Epp.
1016 1475 1068 1517 ad
1106 1473 1265 1515 Ritter.
1295 1481 1337 1515 et
1364 1473 1450 1515 Er-

139 1554 252 1587 nest.
284 1547 318 1588 1.
355 1556 396 1586 c.
433 1556 478 1596 p.
504 1553 588 1594 794
613 1551 655 1582 et
681 1544 781 1585 821.
816 1551 858 1584 et
886 1557 992 1596 quae
1021 1543 1203 1585 diximus
1230 1542 1276 1585 in
1301 1544 1444 1588 Praef-

137 1612 308 1668 Opusc.
337 1626 384 1667 p.
406 1624 454 1654 1x
474 1624 522 1654 ac
552 1625 581 1655 x
600 1613 724 1668 (†).
778 1616 927 1668 Atque
954 1613 1037 1654 huc
1064 1612 1307 1668 pertinent,
1339 1628 1450 1670 quae

1356 1699 1458 1736 um,

190 1790 289 1842 (*)
317 1791 425 1831 Datis
449 1790 602 1837 literis,
630 1800 674 1829 ut
693 1802 750 1830 est
781 1789 875 1830 ibid.
902 1803 943 1840 p.
965 1793 1039 1841 780
1066 1803 1152 1842 sq„
1179 1793 1452 1832 Amstelodami

137 1858 176 1897 d.
193 1869 254 1907 19.
276 1859 378 1906 Sept.
407 1855 517 1900 Ergo
533 1855 571 1891 in
592 1865 671 1892 eam
695 1857 833 1894 urbem
849 1884 861 1901 ‚
888 1856 962 1904 jam
978 1867 1088 1895 antea
1111 1866 1246 1895 mense
1263 1859 1446 1907 Augusto

140 1924 318 1960 relictam
334 1950 343 1964 ‚
359 1922 548 1959 incertum
566 1929 640 1965 qua
660 1917 708 1954 de
735 1929 847 1956 causa
864 1930 1037 1957 reversus
1052 1948 1064 1966 ,
1081 1929 1119 1957 et
1144 1922 1244 1970 apud
1260 1923 1449 1962 D'Orvil·

137 1986 231 2023 lium
259 1982 498 2030 devertens,
539 1983 628 2021 inde
666 1985 731 2022 has
764 1983 874 2022 dedit
914 1984 1068 2030 literas,
1098 1987 1226 2034 iisque
1256 1987 1448 2034 Rittero‚

135 2061 254 2098 quem
279 2048 328 2087 de
365 2050 556 2096 singulis,
582 2058 626 2086 ut
667 2060 776 2096 gesta
815 2060 974 2096 essent,
1014 2051 1238 2088 accuratius
1274 2051 1448 2090 edocere

137 2114 232 2152 tanti
247 2125 324 2151 non
340 2123 419 2151 erat
437 2140 448 2157 ,
478 2121 560 2149 rem
576 2116 754 2159 quamvis
778 2114 853 2163 jam
871 2124 1067 2163 peractam
1082 2140 1094 2159 ‚
1119 2125 1245 2154 tamen
1264 2126 1307 2156 ut
1321 2116 1449 2156 adhuc

137 2178 342 2215 instantem
361 2176 550 2214 narravit.
603 2175 743 2225 Quod,
774 2188 823 2214 ne
854 2188 928 2225 qua
955 2177 1046 2217 inde
1069 2182 1344 2229 repugnantiae
1362 2193 1448 2231 spe·

137 2242 221 2279 cies
247 2239 441 2286 ducatur,
476 2239 543 2276 hic
576 2240 706 2278 obiter
735 2241 1094 2284 animadvertimus.
1147 2246 1246 2283 Nam
1282 2254 1330 2281 ne
1356 2244 1446 2291 quis

124 2307 164 2353 l.
186 2317 221 2343 c.
252 2316 327 2354 pro
354 2306 456 2352 Sept.
489 2302 694 2349 legendum
734 2308 959 2356 suspicetur
990 2309 1091 2356 Aug.
1121 2307 1215 2345 facit
1246 2316 1446 2354 argumen-

136 2375 216 2410 tum
245 2372 396 2407 illarum
416 2367 460 2404 ad
487 2369 750 2408 D'Orvillium
775 2372 1058 2420 Epistolarum.
1204 2369 1208 2372 ’

188 2432 287 2484 (†)
317 2435 565 2471 Memoratur
590 2432 686 2472 ibid.
718 2447 759 2483 p.
777 2437 850 2473 810
878 2437 1050 2474 extrema
1066 2463 1077 2479 ,
1105 2434 1277 2480 Endius‚
1303 2434 1444 2473 Ruhn-

137 2498 244 2536 kenii
280 2496 528 2546 discipulus,
566 2496 614 2535 de
647 2508 729 2545 quo
760 2500 885 2537 adhuc
919 2499 1076 2548 quidem
1111 2500 1164 2536 nil
1200 2500 1444 2540 rescivimus,

136 2561 317 2601 Fortasse
343 2571 469 2599 autem
501 2562 540 2598 in
573 2571 622 2598 eo
640 2561 799 2600 nomine
828 2562 975 2600 mentio
1005 2563 1097 2602 latet
1122 2563 1299 2603 omnibus
1326 2573 1442 2604 notae

136 2627 280 2668 Gentis
303 2638 380 2667 van
406 2626 476 2665 den
499 2623 620 2668 Ende-

800 2687 876 2737 Aa
904 2701 933 2734 2
