1879 3160
410 182 496 228 434
691 167 1428 220 ANNOTATIOAD

415 295 527 338 dicat
557 290 895 337 Lindemannus.
961 292 1264 336 Verumtamen
1300 302 1340 335 et
1376 295 1619 352 praelegere
1649 298 1726 342 ha-

416 366 487 407 bet
515 373 600 414 quo
631 372 677 403 se
711 373 906 407 tueatur:
946 365 985 406 si
1012 366 1212 417 quidem,
1253 372 1427 405 auctore
1452 365 1689 413 Faceiolato
1706 401 1722 422 ‚

416 434 572 477 dicitur
593 444 674 485 pro
701 442 803 473 ante
827 434 993 489 legere,
1023 434 1190 490 legendo
1207 436 1414 492 praeire,
1444 441 1658 482 enarrandi
1684 452 1725 484 et

415 505 582 547 dicendi
611 516 766 556 causa3
800 515 927 558 atque
953 506 1015 548 sic
1041 517 1145 549 usus
1179 518 1242 550 est
1271 521 1321 549 eo
1350 505 1512 558 verbo,
1544 507 1726 563 indeque

414 576 546 617 ducto
580 575 752 617 nomine
779 578 1039 631 praelectio,
1071 576 1384 633 Quinctilianus
1420 576 1529 620 Inst.
1571 578 1651 622 Or.
1681 581 1728 633 Ι,

416 661 444 700 5
469 659 508 689 et
538 649 581 689 8.
619 650 668 698 Ι,
693 661 737 690 2.
764 647 834 698 ΙΙ,
863 658 906 700 5.
935 658 976 689 et
1005 649 1239 692 Suetonius
1261 651 1313 692 de
1339 648 1534 691 Gramm.
1571 647 1627 692 C.
1658 651 1726 693 16.

418 719 506 774 Qui
533 732 684 761 sensus
718 730 840 771 quam
879 727 975 770 apte
1007 730 1213 774 congruat
1239 720 1479 762 Doctorum
1513 721 1734 763 Academi·

416 801 565 830 corum
609 787 803 840 scholiS‚
834 802 960 831 nemo
1000 803 1088 833 non
1123 790 1258 833 videt.
1317 792 1520 834 Recitare
1548 803 1730 845 contra,

420 859 563 901 eodem
586 858 729 912 judice
756 859 1026 914 Facciolato,
1054 861 1229 915 proprie
1256 862 1412 908 dieitur
1434 865 1485 906 de
1509 864 1563 906 iis
1594 865 1666 917 qui
1689 865 1734 908 in

419 926 560 970 causis
582 926 753 971 libellos
780 931 928 984 legunt
955 942 996 975 et
1019 931 1292 975 testimonia:
1314 935 1466 980 deinde
1487 939 1735 979 translatum

419 1001 473 1043 ad
489 1003 634 1054 poetas
652 1002 833 1044 carmina
856 1001 1000 1044 amicis
1016 1004 1235 1058 legente53
1253 1014 1294 1046 et
1321 1006 1372 1047 ad
1396 1007 1634 1061 discipulos
1658 1019 1734 1058 ea,

425 1083 532 1124 quae
556 1074 798 1114 memoriter
822 1071 1087 1116 edidicerunt
1103 1104 1118 1126 ,
1154 1087 1295 1116 coram
1323 1077 1527 1131 magistro
1551 1077 1742 1132 referen-

424 1152 502 1185 tes.
559 1143 657 1185 Hoc
683 1156 771 1187 non
799 1142 1021 1197 ignorabat
1037 1143 1430 1200 VVyttenbachius,
1458 1149 1530 1201 qui
1554 1152 1742 1191 recitan-

427 1210 474 1254 di
498 1223 539 1254 et
556 1210 829 1268 praelegendi
859 1211 1086 1257 discrimen
1122 1215 1214 1268 ipse
1249 1216 1398 1259 fecerit
1428 1219 1537 1262 infra
1564 1234 1612 1276 p.
1638 1234 1740 1275 103.

488 1285 537 1327 P.
565 1297 640 1338 97.
683 1281 930 1338 Seidulam]
973 1284 1110 1337 idest„
1145 1299 1272 1339 parva
1301 1287 1462 1331 schida.
1523 1291 1611 1331 Alii
1636 1291 1742 1333 scri-

431 1357 542 1398 bunt
564 1354 758 1398 schedula
783 1364 825 1396 et
859 1354 1038 1398 scheda:
1071 1369 1195 1408 quam
1230 1358 1562 1401 controversiam
1598 1361 1742 1413 paucis

430 1426 570 1480 attigit
586 1426 785 1468 Lindem.
811 1426 863 1467 ad
882 1425 926 1467 h.
946 1427 977 1468 1.
1026 1425 1110 1467 Sed
1130 1425 1321 1468 schidula
1344 1429 1528 1471 fortasse
1555 1431 1713 1472 rectius
1728 1461 1746 1482 ‚

435 1497 596 1551 quippe
626 1496 800 1538 ductum
838 1510 860 1538 a
887 1495 1054 1539 Graeco
1080 1499 1262 1552 σχίζειν,
1294 1499 1534 1541 communis
1567 1499 1744 1553 originis

433 1581 531 1611 cum
546 1567 705 1610 Latino
713 1566 896 1622 findere,
911 1569 1021 1612 unde
1033 1567 1246 1621 significat
1250 1570 1495 1626 plagulam,
1514 1570 1604 1612 sive
1619 1584 1751 1612 mem·

437 1641 608 1682 branam
641 1649 811 1681 tenuem
835 1640 995 1696 papyri
1021 1638 1143 1692 fissi,
1174 1650 1214 1682 et
1243 1641 1342 1684 hinc
1378 1642 1422 1683 in
1455 1653 1605 1694 genere
1630 1640 1752 1682 char·

438 1723 521 1755 tam
560 1712 629 1754 vel
652 1710 881 1761 tabellam,
912 1710 980 1751 cui
1009 1710 1172 1763 aliquid
1199 1711 1425 1754 memoriae
1453 1722 1576 1753 causa
1601 1711 1754 1753 inscri-

439 1783 575 1825 bitur.
649 1780 831 1836 Legitur
865 1781 979 1835 apud
1024 1781 1172 1824 Cicer.
1216 1781 1268 1823 ad
1303 1781 1405 1824 DiV.
1444 1780 1560 1835 XV,
1591 1784 1659 1826 16.
1705 1792 1753 1824 ut

439 1852 588 1897 scheda
617 1853 669 1895 ad
697 1853 834 1897 Attic.
867 1854 916 1908 Ι,
948 1866 1019 1909 17.
1073 1852 1151 1898 Cf.
1176 1854 1388 1896 Ernestus
1415 1852 1457 1896 in
1488 1855 1639 1898 Clave.

501 1929 553 1969 P.
581 1930 656 1980 98.
704 1925 1084 1978 Gubernatricem‚
1116 1936 1164 1967 ut
1186 1924 1370 1978 vocant]
1403 1925 1461 1966 Ut
1483 1935 1630 1967 vocant
1656 1938 1758 1979 pru-

445 2000 594 2041 denter
614 1996 772 2038 addidit
789 1997 849 2037 W
852 1997 1179 2050 yttenbachius,
1207 2008 1318 2038 voce
1339 2008 1444 2037 usus
1461 2026 1477 2047 .,
1510 2009 1560 2037 eo
1587 1997 1756 2048 quidem

444 2083 604 2121 sensu,
637 2068 854 2110 veteribus
883 2080 971 2110 non
996 2077 1230 2121 usurpata,
1255 2068 1527 2120 caeteroquin
1555 2068 1691 2123 proba
1718 2077 1761 2109 et

446 2146 556 2187 bene
577 2140 748 2184 Latina.
810 2138 889 2182 Cf.
923 2139 1078 2181 Cicero
1109 2139 1160 2180 de
1184 2137 1309 2186 Orat.
1341 2139 1389 2187 Ι,
1416 2154 1461 2194 9.

501 2214 555 2255 P.
584 2223 682 2263 104.
727 2210 952 2265 Magistra
998 2220 1041 2252 te
1079 2207 1218 2250 adhue
1254 2217 1421 2251 tractat
1454 2217 1501 2250 ut
1539 2206 1761 2264 puellum]

450 2285 654 2336 Puellus,
686 2281 826 2337 prisca
853 2283 1033 2336 ideoque
1054 2281 1190 2324 rarior
1220 2280 1386 2333 forma,
1430 2282 1482 2322 de
1511 2293 1592 2333 qua
1624 2278 1760 2321 obiter

451 2359 771 2402 Lindemannus
801 2342 996 2405 monuit,
1037 2355 1248 2407 eleganter
1283 2351 1355 2393 hie
1396 2350 1631 2403 opponitur
1663 2348 1763 2390 ado-

450 2429 645 2479 lescenti,
686 2436 727 2468 et
753 2439 827 2480 per
853 2435 1117 2467 contemtum
1146 2421 1301 2463 dicitur
1337 2422 1457 2474 quasi
1479 2433 1640 2478 parvus
1663 2431 1769 2475 pue-

455 2501 595 2542 rulas.
657 2497 743 2539 Sed
764 2497 875 2539 unde
900 2496 1064 2537 tandem
1089 2493 1205 2535 istud
1223 2495 1426 2549 puellus?
1466 2492 1678 2536 Nimirum
1705 2490 1766 2533 nil

455 2570 569 2613 aiiud
608 2577 702 2622 est,
738 2580 860 2621 quam
898 2567 1041 2621 ipsum
1072 2565 1306 2621 puerulus,
1339 2566 1447 2608 unde
1480 2576 1557 2619 per
1594 2561 1768 2603 ccicrio-

1682 2640 1765 2671 rem
