1879 3160
388 192 665 240 VITAM
725 191 1257 236 RUHNKENII.
1400 204 1483 248 423

174 316 267 359 berc
296 315 640 375 (afschrajven).
710 313 824 360 Illud
854 315 1012 360 arctius
1043 315 1272 359 definitur:
1304 314 1387 358 hoc
1425 317 1488 359 la·

172 388 258 432 tius
291 398 436 442 patet,
478 399 518 430 et
553 385 773 440 proprium
814 395 878 427 est
909 386 1150 440 Codicum,
1185 388 1485 440 Dictatorum,

173 459 351 501 aliorum
374 473 385 502 ε
447 469 697 512 quamquam
743 456 924 498 subinde
968 467 1195 513 utrumque
1244 459 1489 514 prorniscue

175 540 382 582 usurpare
425 529 540 571 licet.
611 526 820 579 Dictata.,
864 528 955 570 sive
994 529 1208 585 lectiones,
1254 542 1302 574 ut
1353 533 1486 586 vulgo

174 601 442 653 loquuntur,
477 598 635 642 rectius
660 601 815 642 scholia
839 599 922 642 dici
938 631 952 653 ,
978 613 1064 644 non
1091 611 1154 644 est
1183 601 1300 654 quod
1320 614 1492 644 monea-

173 684 286 714 mus.
346 669 516 712 Horum
545 670 639 723 quis
667 682 809 714 rectus
841 684 947 714 usus
972 672 1061 724 sit,
1093 682 1134 715 et
1161 671 1379 725 quomodo
1407 685 1492 714 rna-

173 743 238 798 gis
265 752 312 785 ut
341 749 516 798 χρῆμα,
547 756 668 795 quam
700 754 746 786 ut
767 750 938 797 κτῆμα,
973 743 1160 785 habenda
1184 741 1298 794 sint,
1333 744 1494 787 intelli·

174 815 288 868 gitur
313 827 364 855 ex
388 814 716 868 Wyttenbachii
743 816 937 868 exemplo
957 843 972 865 ‚
1004 813 1139 866 ipsius
1159 813 1250 858 vit.
1279 828 1324 868 p.
1344 817 1420 869 56.

227 883 278 926 P.
307 897 378 940 77.
432 885 712 940 Professor-cm
750 889 796 928 in
832 883 1009 928 Graecis
1049 883 1212 926 Literis
1249 898 1398 929 novam
1441 901 1493 929 ac

171 955 353 1012 rudem]
396 957 608 1001 Eumdem
634 956 873 1012 significat,
912 956 987 1009 qui
1015 955 1125 999 infra
1157 969 1202 1008 p.
1230 958 1308 998 160
1339 955 1494 1000 Ruhn-

171 1028 287 1070 kenii
324 1029 479 1071 dicitur
513 1030 625 1072 alius
661 1031 857 1082 amicus,
889 1027 1006 1071 homo
1042 1025 1311 1080 semidoctus,
1343 1030 1417 1083 qai
1450 1038 1494 1071 et

168 1099 255 1153 ipse
285 1098 440 1154 aliquis
475 1112 555 1141 esse
588 1098 729 1143 vellet.
792 1097 904 1154 Quis
940 1096 1092 1150 fuerit,
1124 1097 1282 1140 nemini
1312 1098 1492 1142 dubium

169 1179 266 1209 esse
309 1179 454 1220 potest
487 1171 532 1214 in
566 1171 738 1213 illorum
783 1177 1022 1220 temporum
1065 1180 1292 1223 rerumque
1332 1183 1496 1212 memo-

170 1237 232 1281 ria
260 1240 522 1293 aliquantum
551 1251 747 1285 versato:
785 1248 827 1281 et
860 1251 941 1281 nos
981 1238 1031 1281 ab
1063 1238 1218 1281 idoneo
1244 1250 1381 1295 teste,
1414 1242 1493 1296 qui

173 1323 268 1352 sese
305 1324 356 1352 ex
381 1310 722 1364 XVyttenbachio
758 1310 974 1353 audivisse
1008 1309 1213 1353 fateretur
1245 1324 1339 1353 cum
1376 1313 1492 1354 dice-

172 1391 265 1433 ret,
283 1382 510 1435 aliquando
531 1385 792 1438 accepimus.
839 1383 922 1424 Sed
945 1380 1160 1432 hominis,
1191 1381 1294 1423 satis
1321 1383 1492 1427 aliunde

169 1452 293 1504 noti,
321 1452 513 1504 equidem
542 1453 792 1496 Herodoteo
812 1452 932 1508 (IV,
957 1454 1040 1506 433
1062 1466 1205 1504 more,
1233 1467 1490 1509 quamquam

171 1526 413 1576 ε’πιςτέμενος
454 1525 498 1567 τὸ
531 1524 710 1575 οὔνομα,
741 1525 836 1567 ἑκὼν
867 1527 1125 1577 ἐπιλήθομαι.
1196 1526 1351 1580 Neque
1387 1530 1492 1571 alte-

170 1596 261 1637 rius
292 1596 408 1638 illius
437 1594 634 1638 doctioris
655 1591 910 1647 Professoris
939 1597 1111 1640 nomine
1139 1597 1280 1651 ipsum
1305 1599 1490 1656 intelligi

171 1666 555 1721 WVyttenbachium
573 1697 587 1718 ‚
620 1666 712 1708 data
733 1667 865 1718 opera
890 1680 1060 1710 monere
1083 1681 1258 1712 necesse
1287 1680 1370 1713 est.

228 1738 279 1780 Ρ.
306 1750 378 1791 79.
419 1736 515 1779 Duo
537 1735 697 1790 publici
724 1734 902 1778 doctoris
930 1739 1056 1795 officia
1091 1765 1139 1772 —
1167 1742 1379 1784 institutio
1401 1752 1491 1786 stu-

171 1808 310 1853 diosae
334 1810 575 1863 juventutis
604 1833 660 1843 -—
696 1810 865 1865 scriptio
896 1807 1139 1864 librorum]
1195 1811 1332 1854 Conf.
1360 1813 1492 1866 Wyt..

174 1881 418 1933 tenbachii‚
454 1890 636 1932 utroque
661 1879 714 1919 ad
734 1878 982 1922 Ruhnkenii
1007 1883 1246 1936 exemplum
1270 1883 1361 1937 pari
1391 1897 1491 1928 cum

172 1954 295 1996 laude
320 1952 489 2003 functi,
525 1950 621 1994 Vita
651 1964 698 2004 p.
727 1962 806 1993 102
836 1964 940 2005 sqq.
994 1999 1000 2005 ³

230 2024 342 2068 lbid.
387 2022 509 2066 Illius
534 2023 628 2065 laus
649 2024 772 2064 intra
784 2023 973 2078 parietes
997 2021 1196 2066 alebatur
1216 2023 1489 2081 Ruhnkem‘o]

174 2093 332 2136 Cicero
361 2093 404 2136 in
440 2093 564 2137 Brut.
605 2107 646 2137 e.
672 2098 714 2138 8.
748 2094 800 2136 de
834 2096 1048 2138 Isocrate:
1081 2098 1282 2151 intraque
1303 2097 1492 2153 parietes

174 2164 288 2205 alait
319 2178 408 2205 eam
429 2165 640 2220 gloriam,
668 2175 748 2208 cet.

232 2234 344 2278 lbid.
377 2233 527 2290 Itaque
543 2238 755 2291 persuasit
779 2238 817 2278 ei
836 2236 1067 2292 (Ernesto)
1094 2247 1141 2280 ut
1156 2236 1457 2278 Callimachum
1473 2268 1489 2290 ,

173 2307 279 2362 cet.]
311 2308 376 2350 De
407 2316 500 2348 toto
529 2307 610 2348 hoc
635 2308 809 2362 negotio
835 2307 1123 2350 Callimacheo
1148 2306 1248 2349 satis
1276 2320 1494 2361 superque

175 2389 345 2421 constat
360 2408 374 2431 ‚
394 2391 515 2431 quam
542 2389 590 2419 ut
613 2377 758 2420 multis
784 2377 924 2419 dicere
942 2390 1050 2431 opus
1072 2376 1151 2420 sit:
1179 2379 1220 2419 et
1240 2388 1366 2420 notae
1393 2388 1496 2422 sunt

176 2450 377 2493 omnibus
413 2448 688 2498 Ruhnkenii‚
722 2448 1015 2490 Valckenaerii
1038 2448 1305 2502 aliorumque
1338 2451 1390 2492 ad
1411 2450 1495 2492 Er-

176 2533 344 2566 nestum
369 2521 592 2575 Epistulae
612 2551 626 2571 ,
649 2519 829 2573 primum
856 2532 877 2560 a
896 2518 1148 2562 Tittmanno
1177 2520 1310 2561 editae
1324 2519 1496 2574 Lipsiae

179 2597 307 2639 1812.
351 2605 486 2648 nuper
531 2601 703 2646 autem,
747 2601 952 2644 quantum
992 2591 1164 2647 quidem
1203 2593 1255 2636 ad
1291 2591 1500 2636 Ruhnke-

793 2664 834 2707 D
854 2663 881 2706 d
909 2676 935 2717 4
1381 2663 1498 2709 nium

1872 3156 1873 3160 Α
1872 3140 1874 3146 ν
1871 2977 1878 3131 -ὴ-ῌ,
1873 2857 1879 2961 <-,--.-.
