1879 3160
311 228 396 288 382
595 219 1197 273 ANNOTATIO
1255 241 1333 274 m)

313 355 555 404 horumque
605 349 950 404 conjugationem
986 351 1231 405 perveneris
1255 379 1272 404 ,
1320 359 1426 404 quot
1456 365 1617 408 quaeso

320 420 636 469 difficultatibus
674 429 722 463 a'c
764 422 955 465 tenebris
994 433 1114 476 septa
1154 432 1322 465 tenetur
1355 422 1615 466 Graecorum

313 511 379 540 ars
419 492 719 549 grammatica,
759 502 931 546 quarum
971 495 1013 537 in
1039 496 1190 537 Latina
1222 507 1299 537 nec
1323 494 1420 535 vola
1441 506 1518 535 nec
1546 507 1620 536 ve-

313 566 485 621 stigium
507 565 652 615 adest,
683 574 755 605 aut
797 565 942 606 saltem
972 566 1104 618 vulgo
1135 577 1222 606 non
1248 573 1439 617 apparet.
1502 564 1620 619 Quid

314 640 358 682 in
383 635 571 681 numeris
600 635 766 687 quidem
805 633 1025 676 nominum
1061 647 1108 675 ac
1141 647 1447 689 personarum,
1480 635 1616 678 dicam

316 710 366 751 de
400 707 523 750 duali
537 721 551 760 3
599 705 731 758 quid,
776 705 819 747 in
858 703 1083 747 verborum
1123 705 1374 759 generibus,
1407 709 1456 749 de
1478 707 1619 750 forma

314 779 494 833 media;
543 777 644 831 quid
671 807 685 827 ,
730 776 773 819 in·
819 777 1041 818 modorum
1083 777 1271 829 ratione,
1315 780 1366 820 de
1404 780 1617 833 optativ0;

316 853 448 907 quid,
480 851 524 894 in
560 849 858 902 temporibus,
903 847 954 889 de
993 849 1148 890 aoristo
1175 862 1222 891 ac
1243 851 1372 906 patilo
1396 856 1483 904 post
1495 848 1620 898 futu-

316 937 389 977 νος
421 921 556 976 quid,
591 920 634 962 in
675 918 869 962 universa
904 918 1140 960 declinandi
1172 920 1518 974 conjugandique
1556 932 1621 962 ra-

313 995 460 1042 tione,
501 993 552 1034 de
600 991 838 1045 augmentis
855 1020 870 1042 ,
913 990 1265 1032 contractionibus
1291 1020 1306 1043 ,
1359 991 1623 1044 accentibus,

314 1065 504 1108 dialectis
532 1094 546 1116 ,
589 1060 889 1103 mutationibus
928 1060 1143 1102 literarum
1189 1063 1375 1102 tenuium
1402 1093 1417 1115 ,
1462 1060 1624 1103 media·

316 1149 441 1188 rum,
472 1136 797 1192 aspiratamtm;
830 1132 934 1183 quid
966 1132 1017 1172 de
1057 1131 1232 1173 infinitis
1264 1133 1356 1175 aliis
1384 1136 1474 1189 eJ'us
1495 1146 1623 1187 gene-

316 1208 374 1250 ris
401 1206 627 1249 minutiis?
676 1217 782 1257 quae
817 1214 865 1246 ut
895 1209 1020 1257 parva
1058 1201 1278 1245 videantur
1312 1217 1357 1245 ac
1392 1205 1531 1257 levia,
1563 1203 1622 1245 ita

317 1279 409 1323 sine
447 1279 514 1320 his
552 1288 772 1331 nequeunt
821 1288 968 1328 magna
1011 1273 1279 1327 consistere,
1322 1286 1400 1317 nec
1434 1275 1516 1318 nisi
1551 1275 1623 1318 his

317 1351 455 1406 probe
479 1349 695 1404 perceptis
733 1358 774 1390 et
808 1347 921 1390 fideli
962 1345 1161 1388 memoria
1188 1344 1420 1398 repositis,
1452 1345 1623 1400 linguae

317 1423 444 1466 unius
483 1421 669 1465 omnium
702 1417 1008 1474 pulcherrimae
1043 1429 1090 1458 ac
1127 1416 1393 1458 dulcissimae
1428 1421 1535 1458 ratio
1561 1426 1624 1458 te-

320 1494 412 1538 neri
440 1503 599 1548 potest.
676 1481 798 1532 Talia
828 1501 931 1531 vero
960 1486 1056 1538 quis
1081 1498 1103 1528 a
1127 1488 1306 1538 puerulo
1331 1487 1498 1541 exigat,
1531 1488 1624 1531 vix.

318 1567 417 1608 dum
449 1578 472 1607 a
505 1562 675 1606 lusibus
710 1559 800 1602 suis
837 1559 1059 1609 detracto,
1093 1566 1135 1598 et
1166 1569 1312 1598 recens
1353 1555 1396 1598 in
1433 1556 1625 1599 scholam

319 1635 492 1679 misso?
566 1631 701 1688 Quasi
747 1641 852 1674 vero
880 1661 896 1684 ,
951 1628 1117 1682 inquiet
1171 1626 1360 1680 aliquis,
1416 1625 1627 1683 ejusmodi

320 1709 438 1753 nulla
463 1705 507 1749 in
544 1704 722 1748 Latinae
751 1703 1017 1758 grammatica
1042 1702 1211 1756 linguae
1245 1710 1488 1744 occurrant.
1547 1699 1629 1742 Fa-

322 1789 416 1821 teor
451 1789 554 1820 vero
579 1807 594 1829 ,
643 1785 684 1817 et
727 1777 832 1818 hanc
869 1788 967 1818 suas
1013 1772 1096 1816 sibi
1135 1774 1290 1817 habere
1326 1772 1625 1826 difficultates,

324 1848 462 1894 multo
490 1861 593 1892 vero
622 1861 689 1891 eas
718 1844 893 1889 minoris
918 1857 959 1888 et
977 1845 1141 1888 numeri
1168 1855 1210 1888 et
1233 1846 1434 1900 ponderis
1452 1878 1467 1899 ,
1502 1855 1627 1899 quam

330 1934 435 1974 quae
459 1920 502 1963 in
523 1918 700 1962 Graecis
725 1918 1017 1974 oinciuntur:
1050 1917 1178 1960 nobis
1215 1918 1459 1972 praesertim
1480 1949 1495 1969 ,
1522 1930 1629 1970 quo-

323 2005 417 2035 rum
438 2023 452 2045 ,
487 2002 535 2034 ut
563 1993 866 2045 plerorumque
889 1991 1148 2042 populorum
1175 1992 1398 2043 Europae,
1425 1999 1631 2030 vernam-⁵

323 2065 367 2109 la
396 2062 567 2116 lingua,
612 2060 691 2103 etsi
723 2060 884 2113 origine
914 2060 990 2101 sua
1027 2071 1073 2100 ac
1105 2062 1253 2102 natura
1283 2060 1470 2102 Graecae
1505 2069 1629 2110 quam

326 2134 505 2179 Latinae
541 2131 745 2183 similior,
779 2139 916 2171 tamen
952 2129 1004 2170 ad
1039 2128 1214 2172 Latinae
1236 2129 1402 2184 linguae
1427 2141 1630 2184 gramma-

324 2205 431 2248 ticas
465 2203 690 2252 rationes,
746 2212 823 2253 per
864 2199 1069 2252 temporis
1119 2200 1434 2242 diuturnitatem
1491 2200 1631 2242 homi-

325 2286 514 2327 numque
548 2272 899 2326 perversitatem,
945 2281 1035 2314 tota
1074 2270 1162 2313 fere
1198 2284 1286 2314 non
1321 2271 1454 2313 dicam
1491 2280 1633 2314 exacta

327 2345 415 2397 sit,
458 2344 532 2386 sed
563 2344 708 2388 reficta
754 2345 900 2400 potius
932 2357 981 2387 ac
1018 2345 1198 2388 detorta.
1273 2344 1404 2400 Quod
1440 2343 1632 2398 quamvis

328 2418 515 2472 pessimo
575 2417 773 2462 instituto
803 2417 961 2460 sactum
980 2448 994 2470 ,
1028 2419 1134 2460 hanc
1166 2426 1303 2460 tamen
1330 2417 1454 2459 habet
1477 2416 1635 2459 utilita-

328 2496 445 2539 tem,
477 2498 524 2530 ut
558 2489 734 2533 simulac
773 2490 909 2544 prima
952 2487 1168 2532 vernaculi
1204 2488 1412 2530 sermonis
1456 2489 1636 2529 elemen-

330 2567 372 2600 ta
396 2561 636 2613 perceperis
653 2592 668 2613 ,
702 2574 753 2603 eo
781 2561 876 2616 ipso
898 2561 942 2606 in
971 2562 1137 2606 Latinis
1159 2557 1346 2616 adJuvari
1373 2568 1414 2600 te
1438 2556 1594 2600 sentias
1616 2585 1634 2608 ‚

331 2641 408 2675 nec
451 2633 576 2685 Plane
620 2632 782 2687 hospes
826 2632 872 2678 in
918 2646 965 2678 ea
1012 2633 1223 2678 incurras.
1294 2631 1491 2687 Quorum
1546 2638 1638 2668 om-

380 2720 382 2723 ·
1522 2711 1638 2744 mum
