1879 3160
341 213 429 268 378
623 167 1359 254 ANNOTATIo-AD

338 329 515 384 chium,
545 331 653 376 bene
691 342 740 372 ac
775 329 1007 382 prudenter
1041 328 1319 373 constitutam
1356 342 1382 374 a
1412 333 1647 390 maioribus

338 403 519 460 puerilis
556 400 805 455 disciplinae
836 401 1015 445 formam
1041 415 1128 444 eam
1144 432 1160 456 ,
1196 414 1280 455 qua
1307 414 1336 442 a
1358 399 1545 447 Latinae
1569 409 1645 451 ele.

337 478 485 517 mentis
512 474 686 529 linguae
723 471 786 515 ad
818 471 988 515 Graeca
1023 475 1375 526 traducerentur,
1415 485 1649 534 praeposte-

338 559 465 596 ram,
497 542 540 586 id
568 556 631 588 est
643 557 829 604 pravam
853 556 900 587 ac
922 554 1166 602 perversam
1185 574 1202 597 ,
1238 557 1325 589 non
1351 547 1494 591 verbis
1520 552 1648 594 modo

338 630 386 659 ac
412 617 634 661 sententiis
657 618 897 674 J‘udicasse:
930 627 1077 658 verum
1105 615 1227 658 etiam
1258 631 1303 660 re
1331 618 1425 672 ipsa
1450 633 1498 663 ac
1534 621 1648 666 serio

338 685 562 740 voluisse,
594 698 641 731 ut
672 689 711 731 ei
733 689 873 744 primo
902 699 1076 740 quoque
1111 687 1209 730 loco
1235 701 1282 730 ac
1309 699 1500 743 tempore
1521 704 1648 745 repu-

333 757 469 802 diatae
496 759 708 803 contraria
740 759 1102 809 substitueretur,
1132 769 1251 809 recta
1286 761 1452 804 scilicet
1478 762 1550 805 illa
1573 764 1646 805 de-

337 843 451 873 mum
468 861 485 884 ,
529 844 659 885 atque
695 835 813 876 unice
836 827 1088 889 probanda,
1122 831 1208 881 qua
1244 844 1273 872 a
1307 833 1525 875 vernaculi
1563 845 1650 874 ser-

336 904 468 944 monis
493 902 644 945 studiis
669 902 730 946 ad
751 902 949 953 Graeca,
975 914 1004 942 a
1032 898 1208 942 Graecis
1234 900 1296 942 ad
1311 902 1479 947 Latina
1502 901 1655 944 transi-

338 982 411 1016 tus
437 974 573 1020 fieret.
635 976 776 1031 Cujus
812 974 978 1027 quidem
1022 971 1114 1014 sive
1145 972 1528 1026 reprehensionis,
1560 972 1650 1015 sive

339 1045 565 1099 desiderii,
609 1059 695 1099 quo
731 1045 863 1098 magis
900 1046 1017 1087 nulla
1060 1044 1104 1086 in
1139 1043 1311 1085 illorum
1351 1043 1511 1098 Judicio
1549 1042 1652 1085 satis

341 1127 454 1159 certa
475 1116 831 1172 deprehendimus
847 1115 1056 1168 vestigia,
1091 1128 1142 1157 eo
1166 1115 1298 1168 magis
1321 1116 1519 1159 miramur
1545 1127 1619 1156 eos
1634 1143 1649 1166 ,

343 1187 418 1238 qui
451 1186 877 1241 prudentissimorum
905 1186 1110 1228 Virorum
1147 1186 1402 1229 auctoritate
1431 1197 1650 1241 perperam

343 1256 498 1309 abusi,
546 1257 589 1299 id
626 1257 834 1299 continuo
873 1267 1077 1311 egerunt,
1115 1267 1165 1298 ut
1200 1257 1459 1301 Graecarum
1487 1256 1653 1300 scilicet

344 1339 488 1369 amore
525 1326 764 1370 Literarum
796 1328 942 1380 ducti,
982 1326 1144 1370 Graece
1171 1331 1297 1385 prius
1338 1341 1464 1384 quam
1492 1327 1652 1373 Latine

343 1395 542 1440 docendos
588 1415 668 1442 esse
716 1411 866 1455 pueros
909 1408 1161 1452 creparent,
1213 1410 1254 1441 et
1294 1410 1506 1452 receptam
1546 1399 1651 1444 adeo

345 1480 394 1510 ac
439 1470 639 1513 diuturno
688 1483 772 1512 usu
817 1470 1020 1512 firmatam
1066 1469 1417 1512 consuetudinem
1458 1471 1654 1514 immuta-

343 1548 438 1580 rent
469 1553 648 1592 prorsus
674 1552 720 1582 ac
753 1549 1060 1593 perverterent.
1122 1540 1224 1594 Quo
1262 1539 1403 1582 minus
1439 1539 1490 1582 ab
1526 1541 1654 1595 hujus

348 1609 435 1652 loci
459 1609 642 1659 consilio
680 1612 862 1654 alienum
903 1610 1093 1659 arbitrati
1134 1623 1311 1662 sumuS,
1352 1613 1481 1664 paulo
1514 1610 1655 1655 fusius

346 1691 526 1725 tractare
561 1683 852 1735 quaestionem
888 1681 1034 1732 illam,
1067 1679 1229 1729 Graece
1262 1685 1386 1738 prius
1407 1696 1465 1724 an
1500 1683 1659 1725 Latine

343 1755 474 1809 pueri
507 1751 680 1794 docendi
713 1755 828 1805 sint‚·
860 1763 1237 1806 argumentumque
1265 1765 1361 1795 cum
1390 1766 1468 1807 per
1492 1767 1538 1796 se
1564 1767 1662 1808 gra-

352 1835 436 1874 ve,
466 1832 556 1864 tum
589 1836 612 1865 a
647 1824 794 1866 multis
828 1837 916 1867 non
954 1825 1056 1876 satis
1094 1836 1208 1868 recte
1231 1824 1414 1867 fortasse
1439 1836 1512 1868 aut
1533 1826 1660 1875 intel,-

350 1894 509 1936 lectum
532 1905 604 1937 aut
630 1905 855 1938 tractatum
877 1926 892 1948 ,
924 1895 1050 1937 latius
1090 1896 1147 1940 ita
1179 1896 1378 1951 persequi
1399 1927 1413 1948 ,
1446 1907 1495 1939 ut
1517 1897 1658 1939 videa-

354 1976 449 2005 mus
499 1978 652 2007 verene
689 1976 731 2007 et
772 1965 900 2007 animi
942 1967 1181 2018 sententia,
1224 1980 1302 2009 nec
1342 1979 1423 2017 ne,
1455 1978 1661 2018 praeeun-

354 2033 471 2075 tibus
517 2034 845 2078 Hemsterhusio
890 2045 931 2078 et
967 2035 1255 2087 Ruhnkenio,
1297 2034 1658 2088 XVyttenbachius

356 2106 568 2157 optaverit
583 2137 597 2159 ,
627 2117 674 2149 ut
697 2109 925 2161 aliquando
947 2106 1120 2161 publice
1144 2107 1474 2150 constitueretur
1497 2106 1568 2149 illa
1598 2119 1663 2148 ra-

353 2175 450 2226 tio,
497 2190 620 2230 quam
654 2193 767 2222 nunc
794 2179 939 2221 multis
963 2191 1058 2220 cum
1084 2178 1255 2223 aliarum
1288 2179 1541 2233 regionum,
1570 2188 1663 2220 tum

356 2259 460 2290 vero
483 2248 640 2302 patriae
663 2259 834 2292 nostrae
861 2250 968 2294 locis
1007 2250 1286 2293 constitutam
1313 2250 1531 2304 videmus,
1563 2252 1662 2305 plu·

359 2319 563 2373 rimisque
589 2320 634 2364 in
677 2322 839 2365 scholis
868 2333 943 2369 aut
977 2333 1187 2377 receptam
1205 2353 1220 2375 ‚
1251 2333 1325 2366 aut
1354 2321 1397 2364 in
1422 2334 1472 2363 eo
1499 2331 1547 2363 ut
1568 2320 1661 2362 bre-

357 2391 403 2434 vi
447 2403 664 2446 receptum
700 2392 752 2434 iri
799 2392 1028 2448 videatur,
1079 2406 1128 2436 ut
1172 2393 1333 2436 Graece
1372 2394 1494 2448 prius
1534 2404 1660 2447 quam

360 2461 522 2503 Latine
563 2463 684 2516 pueri
718 2463 968 2509 doceantur.
1026 2467 1091 2508 Ac
1132 2464 1314 2520 primum
1355 2463 1553 2516 quidem,
1586 2458 1661 2511 qui

363 2532 740 2589 wyttenbachio,
796 2546 844 2578 ut
886 2535 1153 2590 perhibent,
1200 2546 1375 2579 auctore
1438 2542 1658 2583 tantopere

358 2604 607 2659 vituperant
663 2617 977 2664 praeposterum
1026 2608 1147 2652 illum
1194 2608 1376 2667 puerilis
1433 2604 1665 2648 institutio·

362 2677 428 2718 m's
457 2675 640 2720 ordinem
661 2710 676 2733 ,
708 2691 786 2723 nec
813 2681 933 2735 prius
959 2680 1143 2736 Latine,
1195 2691 1317 2734 quam
1355 2676 1549 2727 Graece,
1581 2672 1668 2714 dis·

1571 2754 1671 2788 cen-
