<?xml version="1.0" encoding="UTF-8"?>
<!DOCTYPE html PUBLIC "-//W3C//DTD XHTML 1.0 Transitional//EN"
    "http://www.w3.org/TR/xhtml1/DTD/xhtml1-transitional.dtd">
<html xmlns="http://www.w3.org/1999/xhtml" xml:lang="en" lang="en">
 <head>
  <title>
</title>
<meta http-equiv="Content-Type" content="text/html;charset=utf-8" />
  <meta name='ocr-system' content='tesseract 3.04.00' />
  <meta name='ocr-capabilities' content='ocr_page ocr_carea ocr_par ocr_line ocrx_word'/>
</head>
<body>
  <div class='ocr_page' id='page_1' title='image "./elogiumtiberiihe00ruhnuoft/elogiumtiberiihe00ruhnuoft_0023.png"; bbox 0 0 1879 3160; ppageno 0'>
   <div class='ocr_carea' id='block_1_1' title="bbox 527 192 1504 246">
    <p class='ocr_par' dir='ltr' id='par_1_1' title="bbox 527 192 1504 246">
     <span class='ocr_line' id='line_1_1' title="bbox 527 192 1504 246; baseline 0.003 -3"><span class='ocrx_word' id='word_1_1' title='bbox 527 192 1138 244; x_wconf 70' lang='lat' dir='ltr'><strong>rRAEFATIO.</strong></span> <span class='ocrx_word' id='word_1_2' title='bbox 1419 210 1504 246; x_wconf 79' lang='lat' dir='ltr'><strong>xm</strong></span> 
     </span>
    </p>
   </div>
   <div class='ocr_carea' id='block_1_2' title="bbox 187 320 1507 2660">
    <p class='ocr_par' dir='ltr' id='par_1_2' title="bbox 187 320 1507 2660">
     <span class='ocr_line' id='line_1_2' title="bbox 204 320 1501 380; baseline 0.002 -15"><span class='ocrx_word' id='word_1_3' title='bbox 204 320 247 367; x_wconf 81' lang='lat' dir='ltr'><strong>in</strong></span> <span class='ocrx_word' id='word_1_4' title='bbox 268 331 488 377; x_wconf 74' lang='lat' dir='ltr'>Utramque</span> <span class='ocrx_word' id='word_1_5' title='bbox 520 332 677 376; x_wconf 74' lang='lat' dir='ltr'><strong>partem</strong></span> <span class='ocrx_word' id='word_1_6' title='bbox 712 322 901 366; x_wconf 90' lang='lat' dir='ltr'><strong>virorum</strong></span> <span class='ocrx_word' id='word_1_7' title='bbox 937 325 1176 378; x_wconf 83' lang='lat' dir='ltr'><strong>vituperare</strong></span> <span class='ocrx_word' id='word_1_8' title='bbox 1214 321 1320 365; x_wconf 86' lang='lat' dir='ltr'><strong>bene</strong></span> <span class='ocrx_word' id='word_1_9' title='bbox 1356 323 1501 380; x_wconf 86' lang='lat' dir='ltr'><strong>facta,</strong></span> 
     </span>
     <span class='ocr_line' id='line_1_3' title="bbox 200 399 1504 452; baseline 0.001 -10"><span class='ocrx_word' id='word_1_10' title='bbox 200 414 323 443; x_wconf 80' lang='lat' dir='ltr'><strong>secus</strong></span> <span class='ocrx_word' id='word_1_11' title='bbox 363 401 555 451; x_wconf 85' lang='lat' dir='ltr'><strong>laudare,</strong></span> <span class='ocrx_word' id='word_1_12' title='bbox 599 399 902 452; x_wconf 76' lang='lat' dir='ltr'><strong>reprehendere</strong></span> <span class='ocrx_word' id='word_1_13' title='bbox 938 399 1147 452; x_wconf 88' lang='lat' dir='ltr'><strong>virtutes,</strong></span> <span class='ocrx_word' id='word_1_14' title='bbox 1185 399 1285 442; x_wconf 87' lang='lat' dir='ltr'><strong>vitia</strong></span> <span class='ocrx_word' id='word_1_15' title='bbox 1324 399 1366 442; x_wconf 90' lang='lat' dir='ltr'><strong>in</strong></span> <span class='ocrx_word' id='word_1_16' title='bbox 1403 413 1504 443; x_wconf 91' lang='lat' dir='ltr'><strong>coe-</strong></span> 
     </span>
     <span class='ocr_line' id='line_1_4' title="bbox 200 474 1503 530; baseline -0.002 -10"><span class='ocrx_word' id='word_1_17' title='bbox 200 479 287 519; x_wconf 89' lang='lat' dir='ltr'><strong>lum</strong></span> <span class='ocrx_word' id='word_1_18' title='bbox 321 479 497 528; x_wconf 84' lang='lat' dir='ltr'><strong>tollere,</strong></span> <span class='ocrx_word' id='word_1_19' title='bbox 546 476 685 516; x_wconf 88' lang='lat' dir='ltr'><strong>eadem</strong></span> <span class='ocrx_word' id='word_1_20' title='bbox 723 474 848 516; x_wconf 88' lang='lat' dir='ltr'><strong>latius</strong></span> <span class='ocrx_word' id='word_1_21' title='bbox 886 485 1104 528; x_wconf 83' lang='lat' dir='ltr'><strong>serperet,</strong></span> <span class='ocrx_word' id='word_1_22' title='bbox 1136 476 1187 517; x_wconf 89' lang='lat' dir='ltr'><strong>ad</strong></span> <span class='ocrx_word' id='word_1_23' title='bbox 1217 487 1374 530; x_wconf 88' lang='lat' dir='ltr'><strong>eosque</strong></span> <span class='ocrx_word' id='word_1_24' title='bbox 1397 477 1503 519; x_wconf 89' lang='lat' dir='ltr'><strong>adeo</strong></span> 
     </span>
     <span class='ocr_line' id='line_1_5' title="bbox 199 550 1502 604; baseline 0 -9"><span class='ocrx_word' id='word_1_25' title='bbox 199 552 426 595; x_wconf 85' lang='lat' dir='ltr'><strong>referretur</strong></span> <span class='ocrx_word' id='word_1_26' title='bbox 452 583 465 603; x_wconf 87' lang='lat'>,</span> <span class='ocrx_word' id='word_1_27' title='bbox 508 563 686 604; x_wconf 85' lang='lat' dir='ltr'><strong>quorum</strong></span> <span class='ocrx_word' id='word_1_28' title='bbox 734 550 778 592; x_wconf 90' lang='lat' dir='ltr'><strong>in</strong></span> <span class='ocrx_word' id='word_1_29' title='bbox 813 550 958 603; x_wconf 86' lang='lat' dir='ltr'>paucis</span> <span class='ocrx_word' id='word_1_30' title='bbox 999 554 1193 604; x_wconf 88' lang='lat' dir='ltr'><strong>proxime</strong></span> <span class='ocrx_word' id='word_1_31' title='bbox 1228 551 1280 594; x_wconf 91' lang='lat' dir='ltr'><strong>ad</strong></span> <span class='ocrx_word' id='word_1_32' title='bbox 1311 562 1502 595; x_wconf 84' lang='lat' dir='ltr'><strong>veterum</strong></span> 
     </span>
     <span class='ocr_line' id='line_1_6' title="bbox 201 626 1504 682; baseline 0 -12"><span class='ocrx_word' id='word_1_33' title='bbox 201 628 494 682; x_wconf 86' lang='lat' dir='ltr'><strong>praestantiam</strong></span> <span class='ocrx_word' id='word_1_34' title='bbox 532 627 738 669; x_wconf 89' lang='lat' dir='ltr'><strong>accedunt</strong></span> <span class='ocrx_word' id='word_1_35' title='bbox 776 626 963 680; x_wconf 87' lang='lat' dir='ltr'><strong>scripta,</strong></span> <span class='ocrx_word' id='word_1_36' title='bbox 996 636 1037 668; x_wconf 90' lang='lat' dir='ltr'><strong>et</strong></span> <span class='ocrx_word' id='word_1_37' title='bbox 1065 628 1264 679; x_wconf 89' lang='lat' dir='ltr'><strong>quamdiu</strong></span> <span class='ocrx_word' id='word_1_38' title='bbox 1294 641 1396 671; x_wconf 91' lang='lat' dir='ltr'><strong>suus</strong></span> <span class='ocrx_word' id='word_1_39' title='bbox 1423 628 1504 670; x_wconf 88' lang='lat' dir='ltr'><strong>hu-</strong></span> 
     </span>
     <span class='ocr_line' id='line_1_7' title="bbox 197 703 1504 758; baseline 0.002 -12"><span class='ocrx_word' id='word_1_40' title='bbox 197 704 385 747; x_wconf 86' lang='lat' dir='ltr'><strong>manitati</strong></span> <span class='ocrx_word' id='word_1_41' title='bbox 431 703 643 747; x_wconf 87' lang='lat' dir='ltr'>constabit</span> <span class='ocrx_word' id='word_1_42' title='bbox 689 703 870 755; x_wconf 86' lang='lat' dir='ltr'>honos,</span> <span class='ocrx_word' id='word_1_43' title='bbox 913 703 1143 745; x_wconf 86' lang='lat' dir='ltr'><strong>secundum</strong></span> <span class='ocrx_word' id='word_1_44' title='bbox 1187 704 1322 758; x_wconf 89' lang='lat' dir='ltr'><strong>illos,</strong></span> <span class='ocrx_word' id='word_1_45' title='bbox 1365 705 1504 748; x_wconf 85' lang='lat' dir='ltr'><strong>omnis</strong></span> 
     </span>
     <span class='ocr_line' id='line_1_8' title="bbox 198 778 1504 834; baseline 0.002 -12"><span class='ocrx_word' id='word_1_46' title='bbox 198 791 414 822; x_wconf 82' lang='lat' dir='ltr'><strong>accuratae</strong></span> <span class='ocrx_word' id='word_1_47' title='bbox 441 790 484 822; x_wconf 90' lang='lat' dir='ltr'><strong>et</strong></span> <span class='ocrx_word' id='word_1_48' title='bbox 510 779 711 834; x_wconf 85' lang='lat' dir='ltr'><strong>elegantis</strong></span> <span class='ocrx_word' id='word_1_49' title='bbox 739 778 954 821; x_wconf 89' lang='lat' dir='ltr'><strong>doctrinae</strong></span> <span class='ocrx_word' id='word_1_50' title='bbox 998 791 1172 829; x_wconf 89' lang='lat' dir='ltr'><strong>norma,</strong></span> <span class='ocrx_word' id='word_1_51' title='bbox 1207 784 1395 824; x_wconf 87' lang='lat' dir='ltr'><strong>omnium</strong></span> <span class='ocrx_word' id='word_1_52' title='bbox 1435 780 1504 824; x_wconf 89' lang='lat' dir='ltr'><strong>in-</strong></span> 
     </span>
     <span class='ocr_line' id='line_1_9' title="bbox 200 853 1502 911; baseline -0.002 -12"><span class='ocrx_word' id='word_1_53' title='bbox 200 857 480 911; x_wconf 86' lang='lat' dir='ltr'><strong>telligentium</strong></span> <span class='ocrx_word' id='word_1_54' title='bbox 516 868 731 898; x_wconf 87' lang='lat' dir='ltr'><strong>consensu</strong></span> <span class='ocrx_word' id='word_1_55' title='bbox 749 884 766 906; x_wconf 87' lang='lat'>‚</span> <span class='ocrx_word' id='word_1_56' title='bbox 796 853 947 897; x_wconf 90' lang='lat' dir='ltr'><strong>merito</strong></span> <span class='ocrx_word' id='word_1_57' title='bbox 969 863 1009 895; x_wconf 89' lang='lat' dir='ltr'><strong>et</strong></span> <span class='ocrx_word' id='word_1_58' title='bbox 1032 853 1302 897; x_wconf 87' lang='lat' dir='ltr'><strong>habebuntur</strong></span> <span class='ocrx_word' id='word_1_59' title='bbox 1326 865 1368 898; x_wconf 93' lang='lat' dir='ltr'><strong>et</strong></span> <span class='ocrx_word' id='word_1_60' title='bbox 1391 857 1502 898; x_wconf 88' lang='lat' dir='ltr'><strong>cele-</strong></span> 
     </span>
     <span class='ocr_line' id='line_1_10' title="bbox 199 928 1507 975; baseline 0 -1"><span class='ocrx_word' id='word_1_61' title='bbox 199 933 450 974; x_wconf 85' lang='lat' dir='ltr'><strong>brabuntur.</strong></span> <span class='ocrx_word' id='word_1_62' title='bbox 511 931 652 974; x_wconf 87' lang='lat' dir='ltr'><strong>Habet</strong></span> <span class='ocrx_word' id='word_1_63' title='bbox 671 941 808 971; x_wconf 86' lang='lat' dir='ltr'><strong>autem</strong></span> <span class='ocrx_word' id='word_1_64' title='bbox 834 940 970 971; x_wconf 89' lang='lat' dir='ltr'><strong>toturn</strong></span> <span class='ocrx_word' id='word_1_65' title='bbox 994 929 1077 972; x_wconf 90' lang='lat' dir='ltr'><strong>hoc</strong></span> <span class='ocrx_word' id='word_1_66' title='bbox 1100 928 1346 973; x_wconf 82' lang='lat' dir='ltr'><strong>Latinitatis</strong></span> <span class='ocrx_word' id='word_1_67' title='bbox 1369 932 1507 975; x_wconf 87' lang='lat' dir='ltr'><strong>anim-</strong></span> 
     </span>
     <span class='ocr_line' id='line_1_11' title="bbox 196 1004 1502 1059; baseline 0.001 -9"><span class='ocrx_word' id='word_1_68' title='bbox 196 1007 472 1050; x_wconf 81' lang='lat' dir='ltr'><strong>advertendae</strong></span> <span class='ocrx_word' id='word_1_69' title='bbox 497 1017 631 1059; x_wconf 83' lang='lat' dir='ltr'><strong>genus</strong></span> <span class='ocrx_word' id='word_1_70' title='bbox 672 1017 767 1046; x_wconf 87' lang='lat' dir='ltr'><strong>curn</strong></span> <span class='ocrx_word' id='word_1_71' title='bbox 801 1004 1021 1048; x_wconf 90' lang='lat' dir='ltr'><strong>suavitatis</strong></span> <span class='ocrx_word' id='word_1_72' title='bbox 1060 1005 1172 1047; x_wconf 91' lang='lat' dir='ltr'><strong>haud</strong></span> <span class='ocrx_word' id='word_1_73' title='bbox 1199 1018 1373 1059; x_wconf 90' lang='lat' dir='ltr'><strong>parum,</strong></span> <span class='ocrx_word' id='word_1_74' title='bbox 1412 1016 1502 1051; x_wconf 89' lang='lat' dir='ltr'><strong>tum</strong></span> 
     </span>
     <span class='ocr_line' id='line_1_12' title="bbox 198 1078 1502 1136; baseline -0.001 -10"><span class='ocrx_word' id='word_1_75' title='bbox 198 1082 393 1126; x_wconf 88' lang='lat' dir='ltr'><strong>utilitatis</strong></span> <span class='ocrx_word' id='word_1_76' title='bbox 422 1082 628 1123; x_wconf 85' lang='lat' dir='ltr'><strong>multum:</strong></span> <span class='ocrx_word' id='word_1_77' title='bbox 662 1081 841 1135; x_wconf 89' lang='lat' dir='ltr'><strong>ejusque</strong></span> <span class='ocrx_word' id='word_1_78' title='bbox 868 1078 1035 1122; x_wconf 85' lang='lat' dir='ltr'><strong>fructus</strong></span> <span class='ocrx_word' id='word_1_79' title='bbox 1063 1079 1322 1134; x_wconf 85' lang='lat' dir='ltr'><strong>multiplices</strong></span> <span class='ocrx_word' id='word_1_80' title='bbox 1352 1095 1502 1136; x_wconf 90' lang='lat' dir='ltr'><strong>perce-</strong></span> 
     </span>
     <span class='ocr_line' id='line_1_13' title="bbox 196 1156 1502 1213; baseline -0.002 -13"><span class='ocrx_word' id='word_1_81' title='bbox 196 1159 336 1213; x_wconf 85' lang='lat' dir='ltr'><strong>pimus</strong></span> <span class='ocrx_word' id='word_1_82' title='bbox 362 1156 474 1213; x_wconf 85' lang='lat' dir='ltr'><strong>ipsi,</strong></span> <span class='ocrx_word' id='word_1_83' title='bbox 514 1169 602 1200; x_wconf 92' lang='lat' dir='ltr'><strong>non</strong></span> <span class='ocrx_word' id='word_1_84' title='bbox 625 1165 788 1199; x_wconf 90' lang='lat' dir='ltr'><strong>tantum</strong></span> <span class='ocrx_word' id='word_1_85' title='bbox 816 1157 1003 1210; x_wconf 90' lang='lat' dir='ltr'><strong>legendis</strong></span> <span class='ocrx_word' id='word_1_86' title='bbox 1029 1156 1286 1211; x_wconf 89' lang='lat' dir='ltr'><strong>Heusingeri</strong></span> <span class='ocrx_word' id='word_1_87' title='bbox 1304 1187 1320 1210; x_wconf 87' lang='lat'><strong>,</strong></span> <span class='ocrx_word' id='word_1_88' title='bbox 1347 1157 1502 1202; x_wconf 80' lang='lat' dir='ltr'><strong>Ruhn-</strong></span> 
     </span>
     <span class='ocr_line' id='line_1_14' title="bbox 198 1232 1504 1290; baseline 0.001 -12"><span class='ocrx_word' id='word_1_89' title='bbox 198 1235 339 1288; x_wconf 85' lang='lat' dir='ltr'><strong>kenii,</strong></span> <span class='ocrx_word' id='word_1_90' title='bbox 358 1232 685 1290; x_wconf 88' lang='lat' dir='ltr'><strong>Wyttenbachii</strong></span> <span class='ocrx_word' id='word_1_91' title='bbox 709 1232 973 1286; x_wconf 87' lang='lat' dir='ltr'><strong>aliorumque</strong></span> <span class='ocrx_word' id='word_1_92' title='bbox 995 1233 1196 1276; x_wconf 90' lang='lat' dir='ltr'><strong>similium</strong></span> <span class='ocrx_word' id='word_1_93' title='bbox 1220 1233 1408 1277; x_wconf 88' lang='lat' dir='ltr'><strong>virorum</strong></span> <span class='ocrx_word' id='word_1_94' title='bbox 1432 1237 1504 1279; x_wconf 85' lang='lat' dir='ltr'><strong>ad-</strong></span> 
     </span>
     <span class='ocr_line' id='line_1_15' title="bbox 197 1308 1500 1363; baseline 0.001 -9"><span class='ocrx_word' id='word_1_95' title='bbox 197 1310 538 1363; x_wconf 86' lang='lat' dir='ltr'><strong>monitionibus;</strong></span> <span class='ocrx_word' id='word_1_96' title='bbox 579 1309 655 1352; x_wconf 90' lang='lat' dir='ltr'><strong>sed</strong></span> <span class='ocrx_word' id='word_1_97' title='bbox 691 1308 813 1350; x_wconf 88' lang='lat' dir='ltr'><strong>etiam</strong></span> <span class='ocrx_word' id='word_1_98' title='bbox 846 1308 913 1351; x_wconf 88' lang='lat' dir='ltr'><strong>his</strong></span> <span class='ocrx_word' id='word_1_99' title='bbox 936 1308 1042 1363; x_wconf 87' lang='lat' dir='ltr'><strong>ipsis</strong></span> <span class='ocrx_word' id='word_1_100' title='bbox 1065 1309 1500 1355; x_wconf 89' lang='lat' dir='ltr'><strong>animadversionibus</strong></span> 
     </span>
     <span class='ocr_line' id='line_1_16' title="bbox 198 1385 1500 1440; baseline 0 -9"><span class='ocrx_word' id='word_1_101' title='bbox 198 1386 385 1440; x_wconf 83' lang='lat' dir='ltr'><strong>nostris,</strong></span> <span class='ocrx_word' id='word_1_102' title='bbox 410 1385 605 1429; x_wconf 89' lang='lat' dir='ltr'><strong>dissimili</strong></span> <span class='ocrx_word' id='word_1_103' title='bbox 632 1385 821 1439; x_wconf 88' lang='lat' dir='ltr'><strong>quamvis</strong></span> <span class='ocrx_word' id='word_1_104' title='bbox 848 1385 1029 1429; x_wconf 67' lang='lat' dir='ltr'><strong>consino</strong></span> <span class='ocrx_word' id='word_1_105' title='bbox 1045 1417 1060 1437; x_wconf 84' lang='lat'><strong>,</strong></span> <span class='ocrx_word' id='word_1_106' title='bbox 1091 1387 1141 1429; x_wconf 88' lang='lat' dir='ltr'><strong>ad</strong></span> <span class='ocrx_word' id='word_1_107' title='bbox 1165 1387 1334 1430; x_wconf 90' lang='lat' dir='ltr'><strong>illorum</strong></span> <span class='ocrx_word' id='word_1_108' title='bbox 1360 1402 1500 1431; x_wconf 84' lang='lat' dir='ltr'><strong>exem-</strong></span> 
     </span>
     <span class='ocr_line' id='line_1_17' title="bbox 196 1461 1500 1517; baseline 0.003 -14"><span class='ocrx_word' id='word_1_109' title='bbox 196 1466 313 1517; x_wconf 85' lang='lat' dir='ltr'><strong>plum</strong></span> <span class='ocrx_word' id='word_1_110' title='bbox 345 1461 691 1505; x_wconf 89' lang='lat' dir='ltr'><strong>conscribendis:</strong></span> <span class='ocrx_word' id='word_1_111' title='bbox 738 1462 1027 1515; x_wconf 85' lang='lat' dir='ltr'><strong>eosdemque,</strong></span> <span class='ocrx_word' id='word_1_112' title='bbox 1068 1473 1198 1515; x_wconf 86' lang='lat' dir='ltr'><strong>atque</strong></span> <span class='ocrx_word' id='word_1_113' title='bbox 1234 1464 1354 1507; x_wconf 89' lang='lat' dir='ltr'><strong>etiam</strong></span> <span class='ocrx_word' id='word_1_114' title='bbox 1394 1465 1500 1507; x_wconf 89' lang='lat' dir='ltr'><strong>ube-</strong></span> 
     </span>
     <span class='ocr_line' id='line_1_18' title="bbox 196 1537 1498 1594; baseline 0.001 -11"><span class='ocrx_word' id='word_1_115' title='bbox 196 1540 362 1592; x_wconf 85' lang='lat' dir='ltr'><strong>riores,</strong></span> <span class='ocrx_word' id='word_1_116' title='bbox 395 1539 435 1582; x_wconf 90' lang='lat' dir='ltr'><strong>si</strong></span> <span class='ocrx_word' id='word_1_117' title='bbox 461 1551 592 1593; x_wconf 90' lang='lat' dir='ltr'><strong>porro</strong></span> <span class='ocrx_word' id='word_1_118' title='bbox 615 1538 713 1582; x_wconf 87' lang='lat' dir='ltr'><strong>inde</strong></span> <span class='ocrx_word' id='word_1_119' title='bbox 745 1537 912 1581; x_wconf 86' lang='lat' dir='ltr'><strong>fructus</strong></span> <span class='ocrx_word' id='word_1_120' title='bbox 938 1538 1204 1593; x_wconf 86' lang='lat' dir='ltr'><strong>perceperint</strong></span> <span class='ocrx_word' id='word_1_121' title='bbox 1224 1539 1283 1592; x_wconf 86' lang='lat' dir='ltr'><strong>ii,</strong></span> <span class='ocrx_word' id='word_1_122' title='bbox 1316 1554 1498 1594; x_wconf 86' lang='lat' dir='ltr'><strong>quorum</strong></span> 
     </span>
     <span class='ocr_line' id='line_1_19' title="bbox 197 1614 1494 1670; baseline 0 -11"><span class='ocrx_word' id='word_1_123' title='bbox 197 1617 347 1659; x_wconf 90' lang='lat' dir='ltr'><strong>usibus</strong></span> <span class='ocrx_word' id='word_1_124' title='bbox 389 1615 432 1658; x_wconf 91' lang='lat' dir='ltr'><strong>in</strong></span> <span class='ocrx_word' id='word_1_125' title='bbox 467 1614 623 1670; x_wconf 88' lang='lat' dir='ltr'><strong>primis·</strong></span> <span class='ocrx_word' id='word_1_126' title='bbox 651 1615 753 1657; x_wconf 87' lang='lat' dir='ltr'><strong>haec</strong></span> <span class='ocrx_word' id='word_1_127' title='bbox 803 1627 933 1668; x_wconf 88' lang='lat' dir='ltr'><strong>opera</strong></span> <span class='ocrx_word' id='word_1_128' title='bbox 979 1625 1125 1657; x_wconf 88' lang='lat' dir='ltr'><strong>nostra</strong></span> <span class='ocrx_word' id='word_1_129' title='bbox 1158 1615 1364 1659; x_wconf 84' lang='lat' dir='ltr'><strong>destinata</strong></span> <span class='ocrx_word' id='word_1_130' title='bbox 1402 1628 1494 1670; x_wconf 89' lang='lat' dir='ltr'><strong>est,</strong></span> 
     </span>
     <span class='ocr_line' id='line_1_20' title="bbox 196 1691 1498 1746; baseline 0.001 -12"><span class='ocrx_word' id='word_1_131' title='bbox 196 1694 321 1746; x_wconf 89' lang='lat' dir='ltr'><strong>longe</strong></span> <span class='ocrx_word' id='word_1_132' title='bbox 343 1691 541 1744; x_wconf 90' lang='lat' dir='ltr'><strong>profecto</strong></span> <span class='ocrx_word' id='word_1_133' title='bbox 569 1691 704 1733; x_wconf 90' lang='lat' dir='ltr'><strong>aberit</strong></span> <span class='ocrx_word' id='word_1_134' title='bbox 730 1700 778 1733; x_wconf 94' lang='lat' dir='ltr'><strong>ut</strong></span> <span class='ocrx_word' id='word_1_135' title='bbox 802 1692 894 1746; x_wconf 88' lang='lat' dir='ltr'><strong>ejus</strong></span> <span class='ocrx_word' id='word_1_136' title='bbox 929 1703 1009 1733; x_wconf 92' lang='lat' dir='ltr'><strong>nos</strong></span> <span class='ocrx_word' id='word_1_137' title='bbox 1031 1691 1274 1746; x_wconf 77' lang='lat' dir='ltr'><strong>poeniteat3</strong></span> <span class='ocrx_word' id='word_1_138' title='bbox 1308 1705 1498 1745; x_wconf 89' lang='lat' dir='ltr'><strong>praeser-</strong></span> 
     </span>
     <span class='ocr_line' id='line_1_21' title="bbox 195 1765 1497 1821; baseline 0.002 -11"><span class='ocrx_word' id='word_1_139' title='bbox 195 1768 269 1810; x_wconf 86' lang='lat' dir='ltr'><strong>tim</strong></span> <span class='ocrx_word' id='word_1_140' title='bbox 306 1781 402 1810; x_wconf 91' lang='lat' dir='ltr'><strong>cum</strong></span> <span class='ocrx_word' id='word_1_141' title='bbox 443 1779 530 1808; x_wconf 89' lang='lat' dir='ltr'><strong>eam</strong></span> <span class='ocrx_word' id='word_1_142' title='bbox 576 1765 887 1818; x_wconf 86' lang='lat' dir='ltr'><strong>susceperimus</strong></span> <span class='ocrx_word' id='word_1_143' title='bbox 926 1779 1012 1808; x_wconf 91' lang='lat' dir='ltr'><strong>non</strong></span> <span class='ocrx_word' id='word_1_144' title='bbox 1046 1776 1128 1808; x_wconf 89' lang='lat' dir='ltr'><strong>tam</strong></span> <span class='ocrx_word' id='word_1_145' title='bbox 1162 1768 1497 1821; x_wconf 87' lang='lat' dir='ltr'><strong>reprehendendi</strong></span> 
     </span>
     <span class='ocr_line' id='line_1_22' title="bbox 193 1840 1494 1899; baseline 0.002 -13"><span class='ocrx_word' id='word_1_146' title='bbox 193 1843 335 1886; x_wconf 91' lang='lat' dir='ltr'><strong>studio</strong></span> <span class='ocrx_word' id='word_1_147' title='bbox 372 1841 518 1894; x_wconf 88' lang='lat' dir='ltr'><strong>ducti,</strong></span> <span class='ocrx_word' id='word_1_148' title='bbox 567 1855 690 1894; x_wconf 86' lang='lat' dir='ltr'><strong>quam</strong></span> <span class='ocrx_word' id='word_1_149' title='bbox 722 1840 868 1894; x_wconf 84' lang='lat' dir='ltr'><strong>potius</strong></span> <span class='ocrx_word' id='word_1_150' title='bbox 901 1854 948 1883; x_wconf 83' lang='lat' dir='ltr'><strong>ea</strong></span> <span class='ocrx_word' id='word_1_151' title='bbox 983 1855 1089 1895; x_wconf 86' lang='lat' dir='ltr'><strong>spe,</strong></span> <span class='ocrx_word' id='word_1_152' title='bbox 1132 1841 1228 1885; x_wconf 86' lang='lat' dir='ltr'><strong>fore</strong></span> <span class='ocrx_word' id='word_1_153' title='bbox 1262 1854 1309 1886; x_wconf 90' lang='lat' dir='ltr'><strong>ut</strong></span> <span class='ocrx_word' id='word_1_154' title='bbox 1341 1845 1494 1899; x_wconf 87' lang='lat' dir='ltr'><strong>partim</strong></span> 
     </span>
     <span class='ocr_line' id='line_1_23' title="bbox 190 1916 1498 1976; baseline 0.002 -15"><span class='ocrx_word' id='word_1_155' title='bbox 190 1930 450 1962; x_wconf 85' lang='lat' dir='ltr'><strong>summorum</strong></span> <span class='ocrx_word' id='word_1_156' title='bbox 477 1918 668 1959; x_wconf 85' lang='lat' dir='ltr'><strong>virorum</strong></span> <span class='ocrx_word' id='word_1_157' title='bbox 706 1916 946 1959; x_wconf 88' lang='lat' dir='ltr'><strong>memoriam</strong></span> <span class='ocrx_word' id='word_1_158' title='bbox 971 1917 1022 1960; x_wconf 87' lang='lat' dir='ltr'><strong>ab</strong></span> <span class='ocrx_word' id='word_1_159' title='bbox 1050 1917 1331 1972; x_wconf 85' lang='lat' dir='ltr'><strong>ignorationis</strong></span> <span class='ocrx_word' id='word_1_160' title='bbox 1353 1923 1498 1976; x_wconf 87' lang='lat' dir='ltr'><strong>suspi-</strong></span> 
     </span>
     <span class='ocr_line' id='line_1_24' title="bbox 193 1993 1495 2050; baseline 0.005 -14"><span class='ocrx_word' id='word_1_161' title='bbox 193 1995 315 2038; x_wconf 87' lang='lat' dir='ltr'><strong>cione</strong></span> <span class='ocrx_word' id='word_1_162' title='bbox 337 2004 378 2036; x_wconf 90' lang='lat' dir='ltr'><strong>et</strong></span> <span class='ocrx_word' id='word_1_163' title='bbox 401 1993 719 2037; x_wconf 87' lang='lat' dir='ltr'><strong>malevolentiae</strong></span> <span class='ocrx_word' id='word_1_164' title='bbox 742 1993 838 2036; x_wconf 90' lang='lat' dir='ltr'><strong>telis</strong></span> <span class='ocrx_word' id='word_1_165' title='bbox 865 1993 1204 2049; x_wconf 68' lang='lat' dir='ltr'><strong>vindicaremusg,</strong></span> <span class='ocrx_word' id='word_1_166' title='bbox 1238 1996 1388 2050; x_wconf 89' lang='lat' dir='ltr'><strong>partim</strong></span> <span class='ocrx_word' id='word_1_167' title='bbox 1403 2029 1417 2050; x_wconf 86' lang='lat'>‚</span> <span class='ocrx_word' id='word_1_168' title='bbox 1446 2009 1495 2042; x_wconf 90' lang='lat' dir='ltr'><strong>ut</strong></span> 
     </span>
     <span class='ocr_line' id='line_1_25' title="bbox 188 2069 1490 2126; baseline 0.004 -14"><span class='ocrx_word' id='word_1_169' title='bbox 188 2081 376 2113; x_wconf 89' lang='lat' dir='ltr'><strong>veterum</strong></span> <span class='ocrx_word' id='word_1_170' title='bbox 405 2070 702 2124; x_wconf 85' lang='lat' dir='ltr'><strong>elegantiarum</strong></span> <span class='ocrx_word' id='word_1_171' title='bbox 724 2078 909 2112; x_wconf 79' lang='lat' dir='ltr'><strong>amantes</strong></span> <span class='ocrx_word' id='word_1_172' title='bbox 936 2069 1252 2125; x_wconf 66' lang='lat' dir='ltr'><strong>intelligerent,</strong></span> <span class='ocrx_word' id='word_1_173' title='bbox 1287 2085 1490 2126; x_wconf 88' lang='lat' dir='ltr'><strong>quantum</strong></span> 
     </span>
     <span class='ocr_line' id='line_1_26' title="bbox 190 2144 1491 2204; baseline 0.004 -15"><span class='ocrx_word' id='word_1_174' title='bbox 190 2147 428 2199; x_wconf 84' lang='lat' dir='ltr'><strong>requiratur</strong></span> <span class='ocrx_word' id='word_1_175' title='bbox 462 2146 591 2189; x_wconf 89' lang='lat' dir='ltr'><strong>studii</strong></span> <span class='ocrx_word' id='word_1_176' title='bbox 622 2158 663 2189; x_wconf 91' lang='lat' dir='ltr'><strong>et</strong></span> <span class='ocrx_word' id='word_1_177' title='bbox 703 2144 862 2189; x_wconf 87' lang='lat' dir='ltr'><strong>laboris</strong></span> <span class='ocrx_word' id='word_1_178' title='bbox 899 2145 951 2186; x_wconf 88' lang='lat' dir='ltr'><strong>ad</strong></span> <span class='ocrx_word' id='word_1_179' title='bbox 984 2145 1212 2199; x_wconf 62' lang='lat' dir='ltr'><strong>perfectam</strong></span> <span class='ocrx_word' id='word_1_180' title='bbox 1250 2163 1380 2204; x_wconf 90' lang='lat' dir='ltr'><strong>purae</strong></span> <span class='ocrx_word' id='word_1_181' title='bbox 1411 2152 1491 2194; x_wconf 89' lang='lat' dir='ltr'><strong>bo-</strong></span> 
     </span>
     <span class='ocr_line' id='line_1_27' title="bbox 187 2222 1492 2281; baseline 0.005 -17"><span class='ocrx_word' id='word_1_182' title='bbox 187 2235 348 2275; x_wconf 86' lang='lat' dir='ltr'><strong>naeque</strong></span> <span class='ocrx_word' id='word_1_183' title='bbox 367 2222 607 2265; x_wconf 89' lang='lat' dir='ltr'><strong>Latinitatis</strong></span> <span class='ocrx_word' id='word_1_184' title='bbox 628 2224 791 2265; x_wconf 88' lang='lat' dir='ltr'><strong>laudem</strong></span> <span class='ocrx_word' id='word_1_185' title='bbox 809 2223 1149 2274; x_wconf 82' lang='lat' dir='ltr'><strong>consequendam</strong></span> <span class='ocrx_word' id='word_1_186' title='bbox 1164 2255 1178 2277; x_wconf 85' lang='lat'>‚</span> <span class='ocrx_word' id='word_1_187' title='bbox 1203 2238 1492 2281; x_wconf 87' lang='lat' dir='ltr'><strong>quantumque</strong></span> 
     </span>
     <span class='ocr_line' id='line_1_28' title="bbox 189 2297 1492 2358; baseline 0.006 -19"><span class='ocrx_word' id='word_1_188' title='bbox 189 2298 324 2340; x_wconf 86' lang='lat' dir='ltr'><strong>adhuc</strong></span> <span class='ocrx_word' id='word_1_189' title='bbox 348 2298 457 2341; x_wconf 87' lang='lat' dir='ltr'><strong>absit</strong></span> <span class='ocrx_word' id='word_1_190' title='bbox 486 2312 508 2340; x_wconf 91' lang='lat' dir='ltr'><strong>a</strong></span> <span class='ocrx_word' id='word_1_191' title='bbox 533 2311 699 2341; x_wconf 86' lang='lat' dir='ltr'><strong>summo</strong></span> <span class='ocrx_word' id='word_1_192' title='bbox 729 2297 802 2350; x_wconf 88' lang='lat' dir='ltr'><strong>qui</strong></span> <span class='ocrx_word' id='word_1_193' title='bbox 830 2300 898 2340; x_wconf 89' lang='lat' dir='ltr'><strong>vel</strong></span> <span class='ocrx_word' id='word_1_194' title='bbox 923 2298 1170 2353; x_wconf 86' lang='lat' dir='ltr'><strong>longissime</strong></span> <span class='ocrx_word' id='word_1_195' title='bbox 1202 2303 1253 2343; x_wconf 91' lang='lat' dir='ltr'><strong>ad</strong></span> <span class='ocrx_word' id='word_1_196' title='bbox 1281 2316 1368 2345; x_wconf 89' lang='lat' dir='ltr'><strong>eam</strong></span> <span class='ocrx_word' id='word_1_197' title='bbox 1391 2318 1492 2358; x_wconf 89' lang='lat' dir='ltr'><strong>pro-</strong></span> 
     </span>
     <span class='ocr_line' id='line_1_29' title="bbox 190 2373 1492 2435; baseline 0.007 -20"><span class='ocrx_word' id='word_1_198' title='bbox 190 2373 356 2415; x_wconf 75' lang='lat' dir='ltr'><strong>fecerit.</strong></span> <span class='ocrx_word' id='word_1_199' title='bbox 400 2373 512 2415; x_wconf 86' lang='lat' dir='ltr'><strong>Vere</strong></span> <span class='ocrx_word' id='word_1_200' title='bbox 532 2375 638 2416; x_wconf 86' lang='lat' dir='ltr'><strong>enim</strong></span> <span class='ocrx_word' id='word_1_201' title='bbox 665 2385 792 2427; x_wconf 83' lang='lat' dir='ltr'><strong>atque</strong></span> <span class='ocrx_word' id='word_1_202' title='bbox 813 2373 1011 2428; x_wconf 86' lang='lat' dir='ltr'><strong>egregie,</strong></span> <span class='ocrx_word' id='word_1_203' title='bbox 1044 2385 1091 2417; x_wconf 84' lang='lat' dir='ltr'><strong>ut</strong></span> <span class='ocrx_word' id='word_1_204' title='bbox 1116 2378 1283 2427; x_wconf 83' lang='lat' dir='ltr'><strong>omnia,</strong></span> <span class='ocrx_word' id='word_1_205' title='bbox 1316 2380 1492 2435; x_wconf 84' lang='lat' dir='ltr'><strong>scripsit</strong></span> 
     </span>
     <span class='ocr_line' id='line_1_30' title="bbox 192 2447 1492 2502; baseline 0.008 -11"><span class='ocrx_word' id='word_1_206' title='bbox 192 2448 477 2492; x_wconf 80' lang='lat' dir='ltr'><strong>Ruhnkenius</strong></span> <span class='ocrx_word' id='word_1_207' title='bbox 511 2449 554 2492; x_wconf 90' lang='lat' dir='ltr'><strong>in</strong></span> <span class='ocrx_word' id='word_1_208' title='bbox 582 2450 764 2494; x_wconf 83' lang='lat' dir='ltr'><strong>Praefat.</strong></span> <span class='ocrx_word' id='word_1_209' title='bbox 791 2451 841 2492; x_wconf 88' lang='lat' dir='ltr'><strong>ad</strong></span> <span class='ocrx_word' id='word_1_210' title='bbox 877 2450 1130 2502; x_wconf 83' lang='lat' dir='ltr'><strong>Muretum‚</strong></span> <span class='ocrx_word' id='word_1_211' title='bbox 1164 2447 1304 2498; x_wconf 79' lang='lat' dir='ltr'><strong>Torn.</strong></span> <span class='ocrx_word' id='word_1_212' title='bbox 1328 2459 1368 2499; x_wconf 92' lang='grc' dir='ltr'><strong>Ι.</strong></span> <span class='ocrx_word' id='word_1_213' title='bbox 1401 2458 1492 2501; x_wconf 86' lang='lat' dir='ltr'><strong>sive</strong></span> 
     </span>
     <span class='ocr_line' id='line_1_31' title="bbox 193 2524 1495 2579; baseline 0.006 -11"><span class='ocrx_word' id='word_1_214' title='bbox 193 2525 360 2579; x_wconf 88' lang='lat' dir='ltr'><strong>Opusc.</strong></span> <span class='ocrx_word' id='word_1_215' title='bbox 406 2524 465 2567; x_wconf 89' lang='lat' dir='ltr'><strong>T.</strong></span> <span class='ocrx_word' id='word_1_216' title='bbox 493 2524 554 2567; x_wconf 94' lang='grc' dir='ltr'><strong>ΙΙ.</strong></span> <span class='ocrx_word' id='word_1_217' title='bbox 596 2538 641 2577; x_wconf 93' lang='lat' dir='ltr'><strong>p.</strong></span> <span class='ocrx_word' id='word_1_218' title='bbox 668 2527 781 2578; x_wconf 84' lang='lat'><strong>683:</strong></span> <span class='ocrx_word' id='word_1_219' title='bbox 848 2555 874 2576; x_wconf 84' lang='lat'><strong>‚‚</strong></span> <span class='ocrx_word' id='word_1_220' title='bbox 907 2525 1011 2568; x_wconf 92' lang='lat' dir='ltr'><strong>Non</strong></span> <span class='ocrx_word' id='word_1_221' title='bbox 1042 2537 1107 2569; x_wconf 89' lang='lat' dir='ltr'><strong>est</strong></span> <span class='ocrx_word' id='word_1_222' title='bbox 1143 2526 1252 2571; x_wconf 87' lang='lat' dir='ltr'><strong>inter</strong></span> <span class='ocrx_word' id='word_1_223' title='bbox 1287 2534 1495 2576; x_wconf 87' lang='lat' dir='ltr'><strong>recentio-</strong></span> 
     </span>
     <span class='ocr_line' id='line_1_32' title="bbox 200 2600 1501 2660; baseline 0.008 -17"><span class='ocrx_word' id='word_1_224' title='bbox 200 2630 229 2655; x_wconf 88' lang='lat'>„</span> <span class='ocrx_word' id='word_1_225' title='bbox 258 2614 352 2655; x_wconf 88' lang='lat' dir='ltr'><strong>res,</strong></span> <span class='ocrx_word' id='word_1_226' title='bbox 385 2601 419 2644; x_wconf 90' lang='lat' dir='ltr'><strong>si</strong></span> <span class='ocrx_word' id='word_1_227' title='bbox 448 2600 656 2646; x_wconf 84' lang='lat' dir='ltr'><strong>Latinitas</strong></span> <span class='ocrx_word' id='word_1_228' title='bbox 683 2610 926 2654; x_wconf 79' lang='lat' dir='ltr'><strong>spectetur,</strong></span> <span class='ocrx_word' id='word_1_229' title='bbox 957 2600 1130 2648; x_wconf 68' lang='lat' dir='ltr'><strong>Murcto</strong></span> <span class='ocrx_word' id='word_1_230' title='bbox 1154 2605 1340 2660; x_wconf 83' lang='lat' dir='ltr'><strong>scriptor</strong></span> <span class='ocrx_word' id='word_1_231' title='bbox 1359 2621 1501 2654; x_wconf 90' lang='lat' dir='ltr'><strong>emen-</strong></span> 
     </span>
    </p>
   </div>
   <div class='ocr_carea' id='block_1_3' title="bbox 1373 2687 1497 2737">
    <p class='ocr_par' dir='ltr' id='par_1_3' title="bbox 1373 2687 1497 2737">
     <span class='ocr_line' id='line_1_33' title="bbox 1373 2687 1497 2737; baseline 0.008 -9"><span class='ocrx_word' id='word_1_232' title='bbox 1373 2714 1398 2737; x_wconf 82' lang='lat'>„</span> <span class='ocrx_word' id='word_1_233' title='bbox 1429 2687 1497 2729; x_wconf 86' lang='lat' dir='ltr'><strong>da-</strong></span> 
     </span>
    </p>
   </div>
  </div>
 </body>
</html>
