1879 3160
475 269 654 318 VITA
708 271 767 317 D.
821 269 1276 317 RUHNKENII·
1457 284 1542 329 293

232 392 299 435 dis
322 420 342 448 ,
383 393 544 438 alendis
568 424 586 449 ,
628 393 900 438 instituendis
927 425 944 449 ‚
983 407 1060 438 nce
1102 407 1255 450 operae
1297 406 1376 438 nec
1425 407 1542 438 sum-

232 464 296 506 tui
323 466 547 519 parcebat:
579 467 654 509 hae
670 498 685 519 ,
713 466 756 509 in
778 466 958 509 venandi
984 465 1186 509 societate
1202 499 1216 520 ,
1242 466 1335 509 aliis
1358 465 1539 508 aliorum

231 536 410 580 canibus
438 539 613 592 palmam
638 537 973 591 praeripiebant:
997 538 1089 592 ipse
1112 553 1180 582 eas
1205 540 1379 582 hortans
1402 550 1539 580 secta·

232 607 388 660 batur,
421 607 560 650 fossas
595 608 786 660 quamvis
814 611 919 652 latas
953 620 994 653 et
1021 622 1128 663 aqua
1152 611 1328 662 plenas,
1361 623 1538 663 quarum

230 678 365 720 ductu
388 677 712 732 frequentiaque
734 679 822 733 agri
844 689 1047 733 prataque
1069 681 1348 725 terminantur
1363 713 1378 735 ,
1402 693 1540 725 trans-

229 747 410 801 siliens,
453 750 683 803 omniaque
721 750 823 793 artis
865 764 1039 794 munera
1088 752 1221 796 instar
1261 753 1540 808 promtissimi

229 823 441 875 cujusque
473 822 549 865 rite
581 823 730 864 obiens
760 833 801 864 et
832 835 1085 876 exsequens.
1146 825 1322 876 Atque,
1355 834 1402 866 ut
1428 824 1540 866 inter

229 892 383 936 doctos
413 893 607 937 homines
633 895 832 948 princeps
859 894 1101 938 Literarum
1130 895 1450 948 celebrabatur,
1482 899 1540 940 ita

229 965 346 1020 apud
372 965 570 1008 indoctos
609 976 649 1008 et
679 976 902 1008 venatores
939 975 1115 1007 venator
1151 976 1352 1010 strenuus
1390 968 1539 1011 victri-

229 1035 432 1089 ciumque
455 1049 604 1079 canum
632 1036 832 1078 dominus
855 1033 1084 1080 ferebatur.
1144 1037 1204 1080 Et
1231 1039 1462 1092 gaudebat,
1489 1053 1538 1083 se

228 1106 305 1148 hac
341 1106 463 1149 etiam
495 1107 541 1149 in
580 1120 623 1148 re
655 1107 833 1149 similem
872 1119 966 1149 esse
990 1106 1169 1161 Josephi
1197 1109 1426 1165 Scaligeri,
1463 1112 1538 1166 qui

226 1176 272 1220 in
309 1177 448 1220 Gallia
477 1176 613 1219 adhuc
647 1177 802 1231 degens
834 1175 933 1218 item
971 1179 1150 1221 venandi
1187 1182 1331 1224 studio
1368 1183 1625 1237 deditu5273

224 1245 408 1291 fuisset:
436 1249 613 1305 ejusque
635 1248 765 1292 vitam
789 1246 1061 1292 conscribere
1086 1260 1128 1292 et
1152 1250 1536 1299 Hemsterhusiano

223 1318 383 1374 Elogio
427 1320 682 1377 adjungere,
725 1320 953 1375 aliquando
993 1320 1227 1375 cogitabat,
1295 1326 1539 1380 Scriptores

224 1392 348 1435 etiam
375 1392 458 1435 Rei
480 1393 709 1437 Venaticae
732 1392 924 1436 Graecos
947 1402 987 1434 et
1007 1392 1187 1437 Latinos
1214 1395 1396 1440 libenter
1424 1401 1540 1454 lege-

224 1465 330 1518 bat,
375 1466 593 1517 multaque
628 1463 672 1507 in
708 1463 791 1518 iis,
837 1474 1017 1519 propter
1056 1466 1254 1509 materiae
1295 1467 1537 1525 intelligen-

225 1536 355 1590 tiam,
380 1536 538 1579 rectius
560 1534 814 1588 acutiusque
836 1535 1194 1580 animadvertebat
1209 1569 1224 1590 ,
1251 1553 1375 1592 quarn
1397 1544 1536 1588 adhuc

226 1607 388 1651 factum
415 1618 533 1659 erat,
564 1605 1023 1658 novamquesubinde
1060 1605 1112 1649 iis
1145 1608 1373 1656 editionem
1406 1616 1540 1658 desti-

227 1679 369 1723 nabat.
430 1679 515 1721 Sed
544 1688 586 1721 et
615 1678 773 1732 hujus,
805 1687 847 1718 et
878 1677 1055 1720 aliorum
1093 1680 1406 1739 consiliorum,
1439 1688 1538 1730 effe-

226 1763 378 1804 ctum,
423 1750 561 1804 primo
599 1749 701 1793 aliae
738 1748 1028 1805 scriptiones,
1067 1750 1218 1796 deinde
1258 1767 1452 1801 senectus
1493 1770 1536 1805 et

225 1836 342 1866 mors
370 1830 707 1877 praeverteruut.

280 1893 392 1935 Nam
420 1906 549 1946 quum
573 1894 687 1936 hunc
710 1894 822 1938 vitae
849 1895 1022 1938 modum
1045 1906 1303 1951 cursumque
1326 1913 1535 1958 prospera

223 1965 470 2009 valetudine
507 1967 558 2008 ad
585 1966 730 2008 aetatis
758 1979 915 2010 annum
949 1966 1308 2020 septuagesimum
1337 1981 1377 2013 et
1406 1986 1533 2026 quar-

219 2047 309 2079 tum
337 2037 544 2092 (1796.)
575 2039 814 2090 tenuisset,
844 2050 891 2080 ac
917 2036 1071 2080 solitus
1089 2037 1286 2091 corporis
1302 2039 1427 2095 vigor
1452 2044 1530 2087 hac

218 2123 304 2152 una
328 2109 370 2153 in
402 2121 521 2164 parte
548 2110 740 2153 imminui
762 2110 1000 2161 videretur,
1033 2109 1151 2163 quod
1176 2108 1287 2153 inter
1313 2112 1533 2161 ambulan-

219 2182 320 2223 dum
347 2181 558 2225 anhelitus
581 2183 800 2234 aliquanto
824 2179 955 2234 magis
979 2192 1103 2233 quam
1127 2192 1248 2225 antea
1268 2185 1526 2243 agitaretur3

218 2255 494 2307 supervenit,
529 2267 671 2297 mense
689 2252 832 2307 Julio,
864 2250 1014 2305 capitis
1041 2252 1208 2297 affectio
1233 2256 1523 2312 vertiginosag

216 2324 290 2367 cul
315 2338 416 2367 mox
439 2325 639 2378 depulsae
663 2333 963 2367 successerunt
985 2324 1142 2368 indicia
1162 2327 1370 2382 hydropis
1386 2360 1400 2381 ,
1427 2343 1526 2378 cum

218 2395 262 2438 in
297 2404 500 2449 pectore,
544 2404 632 2436 turn
664 2394 708 2438 in
737 2395 936 2449 pedibus.
1012 2395 1117 2438 Erat
1154 2396 1191 2440 ei
1222 2399 1450 2455 medicus,
1483 2415 1526 2450 et

216 2465 499 2521 complurium
541 2478 749 2509 annorum
793 2466 1038 2520 quotidiana
1076 2465 1167 2509 fere
1209 2473 1521 2521 consuetudine

212 2535 455 2586 familiaris,
491 2535 548 2578 1-1.
584 2536 798 2589 Cuipers,
830 2538 896 2580 vir
929 2550 1026 2578 cum
1055 2537 1157 2579 artis
1190 2537 1394 2593 scientia,
1428 2553 1518 2590 tum

212 2610 302 2672 eJ'us
338 2606 588 2651 factitandae
617 2609 788 2652 solertia
819 2619 859 2652 et
890 2608 1124 2664 felicitate,
1157 2608 1200 2652 in
1235 2608 1383 2664 primis
1408 2615 1521 2658 cele·

875 2678 916 2723 T
950 2692 972 2734 3
1415 2684 1518 2743 ber,
