1879 3160
347 215 427 277 37⁶
631 208 1357 260 ANNOTATIOAD

346 349 445 380 rum
485 332 798 389 studiorumque
827 332 1093 391 praefectum
1129 331 1361 390 adjungere
1394 335 1640 393 cuperent]

345 407 450 451 Vid.
482 416 588 457 quae
614 402 796 446 diximus
817 416 981 458 supra,
1013 403 1056 447 in
1083 413 1230 447 annot.
1251 404 1303 446 ad
1324 417 1370 457 p.
1398 417 1470 450 21.

403 476 512 521 Ibid.
572 472 908 515 Hemsterhusius
949 492 1002 504 -
1039 473 1345 517 immortalibus
1375 477 1460 517 sm's
1487 477 1534 517 in
1561 487 1645 532 pa«

348 550 481 591 triam
516 545 678 587 meritis
711 544 821 586 bunc
857 543 1012 599 adjecit
1039 545 1248 587 cumulum
1262 576 1278 598 ,
1312 556 1360 588 ut
1382 549 1422 588 ei
1446 545 1646 588 Ruhnke-

345 617 464 658 m'um
492 636 550 646 —
577 612 867 669 vindicarem]
927 615 1043 658 Idem
1070 619 1182 659 valet
1213 617 1264 659 de
1287 616 1586 659 Valckenaerio
1608 626 1650 659 et

346 685 625 737 Ruhnkem'o,
658 684 732 737 qui
762 684 994 728 effecerunt
1025 694 1075 728 ut
1111 687 1446 742 lbsyttcnbachius
1475 687 1651 741 reliquis

350 756 478 802 terris
511 755 725 799 Bataviam
763 756 993 812 praeferret
1019 786 1036 810 ,
1083 771 1206 812 quam
1253 759 1502 802 eruditionis
1550 771 1651 800 suae

348 829 581 884 splendore
611 826 876 883 illustraret,
908 838 957 873 ut
990 841 1090 875 vere
1122 828 1296 884 scripsit
1327 829 1532 872 Mahnius
1555 829 1649 873 Vit.

345 901 497 956 Wytt.
523 913 570 954 p.
600 911 677 955 94.

406 975 459 1018 P.
500 986 572 1028 32.
643 969 708 1013 At
740 969 1037 1016 Ruhnkenium
1057 1003 1075 1027 ‚
1120 975 1147 1015 ὅ
1174 971 1391 1029 superbum
1423 970 1655 1026 juvenem]

349 1042 523 1088 Ironice
557 1042 716 1085 dictum
751 1043 912 1086 tirones
944 1044 1298 1089 animadvertant:
1343 1055 1421 1085 nec
1451 1043 1558 1085 enim
1585 1056 1658 1085 su-

352 1112 558 1168 perbiae,
588 1114 721 1168 vulgo
744 1125 840 1155 cum
870 1112 1106 1167 ignorantia
1139 1115 1417 1169 conjunctae,
1449 1111 1494 1154 h.
1529 1113 1560 1155 l.
1590 1111 1655 1154 in-

354 1183 513 1226 dicium
547 1192 638 1226 est:
672 1184 747 1231 sed
775 1184 1004 1226 modestiae
1039 1183 1216 1239 potius,
1249 1197 1355 1237 quae
1382 1196 1519 1226 veram
1556 1184 1658 1225 doc-

355 1251 509 1295 trinam
548 1253 740 1296 comitari
764 1284 780 1306 ‚
810 1265 937 1308 atque
963 1256 1013 1298 ab
1042 1254 1170 1298 animi
1194 1254 1480 1309 magnitudine
1498 1283 1513 1305 ‚
1552 1268 1657 1309 quae

359 1333 516 1378 quanta
541 1322 586 1366 in
601 1322 862 1369 Ruhnkenio
885 1325 1014 1369 fuerit
1037 1324 1146 1369 infra
1170 1325 1409 1378 disputatur
1434 1339 1479 1378 p.
1509 1338 1586 1379 941
1616 1335 1657 1367 et

354 1407 440 1450 249
479 1408 616 1449 sqq.,
654 1396 872 1449 proficisci
908 1399 1036 1440 soiet.
1106 1395 1218 1438 Nam
1260 1395 1316 1437 ita
1360 1397 1525 1438 demum
1560 1408 1658 1438 vere

351 1479 533 1521 magnus
571 1466 735 1509 animus
765 1467 961 1519 exsistit,
995 1467 1030 1508 si
1065 1467 1191 1519 quis,
1223 1476 1271 1507 ut
1304 1478 1403 1506 mox
1431 1467 1481 1506 de
1506 1465 1660 1508 Ruhn-

358 1535 486 1578 kenio
523 1535 675 1579 scribit
721 1535 1110 1591 VVyttenbachius,
1150 1549 1191 1577 se
1226 1537 1358 1592 ipsam
1399 1546 1568 1590 noscat,
1609 1551 1661 1583 ac:

360 1607 501 1654 doctas
536 1609 671 1663 magis
707 1622 841 1662 esse,
874 1620 1000 1665 quam
1037 1607 1089 1648 νὶ
1100 1605 1132 1648 d
1142 1620 1162 1648 e
1175 1609 1225 1648 ri
1261 1606 1444 1650 studeat.

416 1677 530 1721 lbid.
593 1676 665 1720 Ita
700 1681 808 1720 em'm
845 1687 884 1729 et
921 1681 1005 1734 ipse
1020 1677 1249 1732 judicabat
1281 1679 1659 1736 (Ruhnkenius),

363 1760 406 1793 ct
428 1747 789 1791 Hcmsterhusium
809 1746 1074 1802 judicantem
1097 1748 1326 1805 audiebat,
1351 1762 1661 1809 praeposte-

362 1833 476 1863 rum
507 1819 843 1876 essepuerilis
873 1821 1258 1863 institutionis
1290 1821 1554 1872 ordinem,
1585 1835 1667 1877 quo

359 1894 549 1949 primam
572 1890 775 1944 Latinis,
807 1888 953 1932 deinde
984 1888 1187 1944 Graecis,
1215 1890 1445 1933 imbuimur
1472 1893 1664 1945 Literis‚·

363 1962 503 2015 igitur
525 1973 587 2001 eos
612 1962 685 2015 qai
705 1960 832 2001 semel
851 1961 958 2003 lnmc
978 1976 1161 2005 errorem
1189 1971 1428 2015 errassent,
1459 1972 1499 2003 ct
1523 1972 1666 2005 tamea

365 2030 429 2074 ad
446 2031 700 2073 Litcrarmn
720 2033 1008 2088 principasam
1031 2030 1350 2084 contenderent,
1377 2032 1508 2075 denuo
1535 2036 1669 2077 velun·

361 2113 511 2161 pucros
524 2101 668 2145 debere
681 2099 782 2152 fieri
796 2132 810 2154 ‚
827 2104 1007 2159 puerilis
1031 2105 1306 2145 iustitutionis
1320 2103 1451 2144 aliam
1473 2105 1584 2146 viam
1600 2107 1669 2146 in·

361 2173 521 2230 gredi,
552 2187 581 2215 a
605 2172 782 2215 Graccis
806 2173 868 2215 ad
874 2174 1059 2215 Latinas
1070 2174 1244 2215 Literas
1261 2172 1506 2229 progredi.]
1539 2175 1669 2217 Hem-

367 2243 628 2287 sterhusium
654 2243 711 2288 ita
742 2244 982 2299 Judicasse‚
1014 2243 1203 2296 quamvis
1225 2256 1313 2286 non
1335 2242 1502 2286 disertis
1526 2245 1668 2288 verbis

365 2313 585 2367 proditum
623 2316 785 2369 legatur
807 2347 822 2367 ,
868 2316 972 2367 satis
1017 2326 1153 2358 tamen
1196 2324 1313 2356 certo
1360 2312 1587 2356 conficitur
1617 2326 1669 2356 ex

367 2384 422 2427 iis
453 2398 559 2438 quae
584 2386 626 2429 in
653 2387 813 2442 Elogio
839 2387 983 2430 retulit
998 2386 1280 2431 Ruhnkenius
1306 2400 1351 2440 p.
1378 2399 1466 2440 43:
1505 2415 1532 2437 ,‚
1554 2395 1667 2428 recte

371 2485 400 2510 „
429 2457 562 2499 virum
587 2471 781 2514 magnum
804 2459 1002 2502 statuisse
1040 2459 1247 2501 Latinam
1272 2459 1461 2514 linguam
1484 2456 1673 2499 Graecae

375 2556 404 2578 „
434 2531 489 2569 sic
511 2538 656 2584 aptam
695 2539 735 2571 ct
768 2543 920 2572 nexam
960 2544 1068 2582 esse,
1102 2539 1149 2575 ut
1167 2561 1182 2582 ,
1211 2532 1286 2585 qm·
1321 2531 1500 2571 alteram
1532 2525 1584 2567 ab
1604 2528 1669 2567 al-

375 2627 405 2651 „
435 2608 528 2640 tera
557 2600 772 2645 distrahat
806 2615 858 2646 ac
894 2601 1067 2650 divellat
1084 2631 1098 2655 ,
1130 2603 1266 2645 animi
1287 2609 1327 2644 et
1346 2598 1526 2657 corporis
1549 2595 1670 2637 (lin-:L

1494 2698 1519 2720 3,
1548 2667 1662 2709 diam
