1879 3160
431 199 516 255 305
705 193 1303 240 ANNOTATIO
1360 208 1439 240 AD

429 320 556 362 missa
604 315 811 359 fundendi
851 317 1095 371 metaphora
1119 349 1135 372 ‚
1175 316 1328 360 dixerit
1369 318 1497 360 lucem
1538 315 1719 373 afferre;

428 392 633 433 hactenus
653 400 748 430 eum
765 387 887 442 sequi
904 387 1072 440 malim,
1098 398 1145 430 ut
1173 389 1255 430 hoc
1284 387 1481 432 usitatius
1505 402 1722 432 censeam:

427 460 472 504 in
498 460 572 503 illo
607 470 744 503 autem
773 462 938 512 altero,
971 459 1008 501 si
1035 460 1167 512 quid,
1198 460 1259 503 nil
1288 459 1400 502 aliud
1435 470 1547 502 certe
1567 461 1729 503 deside-

427 543 516 572 rem
535 562 552 583 ,
584 531 698 583 nisi,
733 531 806 572 ubi
833 531 1063 585 improprie
1087 541 1345 584 usurpetur,
1377 531 1555 574 additam
1585 531 1727 582 velut,

427 604 580 657 quasi,
625 600 858 643 similemve
896 601 1163 656 particulam;
1206 602 1263 644 ita
1293 605 1352 644 'ut
1393 602 1555 644 dicatur
1600 601 1730 643 lucem

429 672 564 714 alicui
599 676 664 714 rei
696 673 829 716 veluti
866 670 1112 727 affundere‚·
1158 672 1393 716 audacioris
1443 671 1730 715 translationis

431 741 682 797 mitigandae
716 755 872 798 causa3
918 745 969 786 de
1011 757 1098 798 quo
1141 757 1292 798 genere
1336 743 1435 786 alibi
1468 743 1731 787 monuimus.

431 812 516 856 Est
541 823 582 855 et
607 813 682 857 ubi
717 817 894 858 alterum
923 826 1106 870 praestat
1131 814 1277 857 alteri:
1321 814 1364 857 in
1403 814 1477 856 illo
1508 829 1551 858 v.
1579 829 1620 857 c.
1655 814 1732 858 Ci-

432 884 602 926 ceronis
628 885 756 940 loco,
787 896 1007 930 tantamre
1036 891 1159 929 unius
1193 886 1368 929 hominis
1389 904 1440 913 —
1468 887 1607 928 virtus
1643 895 1733 928 tam

433 952 551 996 brevi
573 965 754 1013 tempore
780 958 909 1000 lucem
932 956 1090 1013 afferre
1113 956 1292 1015 reipubl.
1312 959 1451 1015 potuit
1466 959 1491 999 ?
1521 959 1608 1000 lucc
1629 957 1738 1011 figu-

434 1036 522 1068 rate
548 1040 628 1080 pro
667 1029 803 1070 salute
832 1029 1002 1084 posita,
1035 1031 1159 1074 unice
1195 1039 1340 1084 aptum
1371 1040 1457 1072 crat
1486 1026 1643 1081 afferre
1670 1029 1735 1070 lu·

433 1109 550 1149 cem,
581 1098 726 1150 prouti
765 1099 809 1142 in
845 1099 1077 1142 Homerico
1107 1102 1213 1153 φόως
1250 1102 1440 1153 ἑτάροισιν
1474 1101 1616 1151 ἔθηκε,
1647 1112 1735 1142 non

435 1168 573 1223 ἔχευε.
633 1168 795 1211 Similis
820 1169 927 1211 ratio
954 1180 1017 1211 est
1044 1170 1129 1211 loci
1151 1170 1202 1211 de
1226 1170 1348 1211 Orat.
1380 1171 1427 1222 Ι,
1458 1184 1516 1218 4ο
1535 1201 1550 1222 ,
1580 1169 1736 1212 cis-ibus

435 1242 570 1283 lucem
593 1243 756 1297 ingenii
780 1251 820 1285 et
846 1240 1009 1284 consilii
1041 1242 1106 1281 sui
1136 1243 1358 1297 porrigere
1395 1250 1520 1295 atque
1554 1239 1737 1283 tendere.

436 1314 636 1367 Contra,
666 1312 739 1354 ubi
768 1312 820 1353 de
859 1313 960 1353 vera
991 1313 1085 1353 luce
1123 1314 1300 1366 ejusque
1338 1312 1482 1353 subito
1510 1309 1739 1364 affulgente

439 1398 590 1441 magna
603 1385 724 1439 copia
739 1385 877 1440 agitur
894 1413 909 1435 ‚
926 1385 1125 1437 majorem
1150 1383 1235 1424 vim
1255 1381 1404 1422 habeat
1418 1411 1433 1432 ,
1451 1393 1624 1422 necesse
1641 1390 1704 1422 est
1721 1411 1738 1432 .,

439 1456 618 1510 propria
632 1455 796 1498 locutio
811 1469 825 1508 3
845 1465 893 1497 ut
910 1455 1023 1508 apud
1042 1453 1255 1495 Valerium
1271 1453 1488 1504 Flaccum,
1505 1452 1606 1504 VII,
1628 1454 1739 1505 566:

439 1525 637 1568 ardentes
661 1524 828 1568 stabula
865 1524 1048 1580 effudere
1079 1522 1300 1575 ιεηεύνας,
1343 1523 1386 1564 id
1424 1533 1487 1565 est
1505 1553 1521 1575 ,
1559 1524 1743 1567 flammas

439 1598 564 1640 fumo
586 1596 738 1640 mixtas
755 1628 773 1650 ‚
816 1609 920 1649 quas
948 1606 1128 1649 uterque
1165 1605 1341 1645 taurus,
1375 1604 1421 1636 ut
1446 1593 1501 1635 ait
1524 1606 1592 1636 vs.
1621 1606 1701 1648 571
1725 1626 1740 1647 ,

438 1670 620 1710 immam·
660 1667 860 1724 proflavit
902 1666 1086 1711 turbine.
1157 1668 1240 1710 Pro
1291 1663 1473 1720 effudere
1493 1696 1509 1718 ,
1568 1679 1750 1720 reponas

441 1739 571 1781 modo
623 1740 811 1781 extulere
854 1739 923 1782 vel
976 1740 1147 1781 emisere
1168 1751 1184 1779 .·
1240 1751 1339 1780 mox
1374 1737 1530 1779 senties
1557 1767 1572 1788 ‚
1622 1750 1745 1789 quam

442 1810 638 1865 langueat
675 1810 831 1853 oratio.
889 1811 1129 1854 Videndum
1172 1824 1272 1865 ergo
1301 1809 1402 1863 quid
1438 1822 1612 1862 quoque
1646 1811 1745 1851 loco

441 1883 690 1926 conveniat.
751 1882 950 1925 Ceterum
968 1914 984 1936 ‚
1016 1883 1149 1926 rarius
1179 1894 1271 1934 cst,
1305 1882 1420 1934 quod
1443 1880 1553 1924 infra
1587 1894 1636 1933 p.
1657 1893 1712 1932 42
1730 1910 1746 1932 ‚

442 1952 730 1996 Ruhnkcnius
763 1954 935 2008 scripsit
970 1955 1102 1997 lacem
1134 1954 1326 2008 inferre:
1357 1954 1471 2006 quod
1507 1953 1647 2005 ipsum
1687 1962 1748 1993 ta-

445 2042 583 2081 men,
624 2028 708 2071 isto
748 2025 917 2081 quidem
963 2027 1061 2068 loco
1086 2055 1102 2077 ‚
1147 2025 1257 2066 haud
1313 2033 1468 2066 temere
1513 2022 1747 2078 improbari

443 2099 589 2145 velim.

500 2171 552 2214 P.
589 2182 662 2213 11·
722 2167 798 2211 Ex
830 2166 991 2210 duabus
1028 2168 1164 2208 animi
1192 2165 1518 2220 facultatibus]
1578 2164 1747 2215 Recte,

446 2244 584 2285 animi
619 2241 891 2295 facultates,
933 2238 1086 2292 plurali
1134 2251 1342 2281 numero:
1394 2238 1484 2281 vid.
1528 2237 1647 2281 Add.
1695 2236 1748 2277 ad

447 2312 616 2365 Opusc.
634 2313 809 2356 Ruhnk.
830 2325 874 2365 p.
895 2325 1024 2354 1022.
1059 2321 1099 2353 et
1128 2310 1176 2351 cf
1206 2310 1358 2363 Nepos
1385 2309 1428 2350 in
1452 2308 1603 2361 Epam.
1624 2311 1670 2358 Ι,
1697 2320 1742 2359 4.

507 2385 560 2427 Ρ.
595 2395 664 2429 12.
720 2383 921 2438 Licetque
945 2382 1078 2434 adeo,
1117 2379 1229 2437 quod
1253 2380 1519 2422 Democritus
1543 2378 1592 2420 de
1618 2379 1747 2420 Poeta

449 2454 592 2509 dixit,
622 2453 684 2497 ad
710 2454 916 2497 Critlcmn
945 2451 1212 2506 transferre:
1241 2451 1423 2494 Criticass
1454 2464 1532 2492 non
1558 2446 1645 2501 fit,
1678 2448 1752 2491 sed

452 2525 696 2579 nascitura]
738 2524 780 2566 id
807 2536 870 2567 cst
888 2556 903 2577 ,
949 2535 1076 2582 atque
1101 2524 1200 2566 adeo
1234 2524 1326 2566 licet
1346 2553 1361 2573 ‚
1392 2531 1499 2564 caet.
1544 2522 1626 2573 qua
1659 2519 1749 2562 for-

453 2597 564 2637 mula
589 2598 797 2650 eleganter
828 2607 1008 2652 augetur
1044 2605 1086 2637 et
1117 2593 1396 2648 amplificatur
1423 2591 1556 2635 totins
1583 2603 1754 2635 senten-

1671 2674 1754 2704 tiae
