1879 3160
342 204 436 261 29⁸⁴
600 195 786 242 VITA
827 193 886 236 D.
931 190 1398 242 RUHNKENIL

343 323 513 379 quoties
540 317 800 363 intermissas
816 347 832 370 ‚
867 315 1111 369 repetebat:
1143 328 1298 369 easque
1320 318 1389 360 bis
1414 327 1534 364 terve
1565 320 1640 364 de·

340 410 431 441 nuo
461 393 690 439 habuerat,
723 400 854 441 quum
880 388 1009 442 pedes
1035 397 1076 429 et
1102 401 1224 431 crura
1242 420 1256 441 ‚
1288 391 1472 434 abeunte
1499 402 1640 436 tumo-

341 482 416 519 re,
458 465 510 507 ad
546 460 774 516 pristinum
812 462 983 504 modum
1030 459 1164 501 redire
1206 460 1465 505 viderentur.
1541 464 1644 508 Hoc

340 537 435 589 ipse
461 535 631 588 signum
656 532 823 586 depulsi
848 531 988 575 morbi
1007 544 1101 574 esse
1128 533 1331 584 putabat:
1365 547 1410 576 re
1433 547 1531 578 vera
1557 546 1648 580 erat

335 606 536 651 indicium
564 606 764 650 instantis
790 617 914 648 casus
941 602 1178 658 gravioris,
1205 604 1398 658 hydrope
1421 606 1472 647 acl
1492 617 1646 659 pectus

337 690 380 728 et
402 678 645 732 superiores
670 687 811 730 partes
836 675 1133 720 adscendente.
1191 674 1303 717 Nam
1328 677 1397 719 die
1419 677 1646 719 undecimo

335 750 476 805 Man,
517 760 646 801 quum
679 760 758 800 per
794 757 931 789 totum
962 747 1070 792 diem
1107 757 1314 789 consueto
1354 759 1470 789 more
1505 746 1648 801 degis-

337 832 434 875 set,
466 820 583 864 domi
606 820 891 871 ambulasset,
924 831 1019 860 cum
1050 817 1143 860 suis
1173 827 1215 860 et
1241 815 1385 860 amicis
1411 831 1506 860 eum
1539 817 1648 861 invi-

336 892 534 936 sentibus
565 890 753 933 suaviter
783 889 1082 933 confabulatus
1116 899 1263 942 esset,
1308 899 1350 932 et
1383 891 1435 932 ad
1471 901 1646 932 coenam

338 965 378 1007 ei
403 966 472 1008 vel
496 976 629 1017 sopor
653 962 881 1016 obreperet
896 993 911 1015 ,
938 964 1009 1004 vel
1034 962 1239 1017 cogitatio
1260 960 1401 1004 minus
1427 973 1551 1013 quarn
1574 972 1652 1003 an·

337 1048 404 1080 tea
436 1048 635 1091 praesens
661 1043 906 1085 constaret,
939 1033 1198 1086 tempestive
1222 1034 1273 1075 ad
1302 1032 1487 1085 quietem
1509 1043 1554 1074 se
1575 1031 1649 1072 de-

247 1110 421 1159 279dit.
482 1108 520 1151 E
552 1121 634 1161 qua
660 1106 792 1148 solito
817 1104 1022 1147 maturius
1039 1133 1054 1155 ‚
1081 1116 1128 1146 ac
1150 1102 1288 1156 primo
1315 1103 1534 1154 diluculo,
1559 1101 1649 1145 evi-

340 1182 502 1237 gilans,
533 1181 654 1222 solus
680 1175 895 1226 surrexit,
930 1173 1048 1226 quod
1072 1172 1173 1216 alias
1200 1175 1376 1228 juvante
1397 1174 1558 1216 famulo
1580 1171 1646 1213 fa-

339 1253 508 1305 ciebat,
540 1251 652 1296 etin
688 1252 790 1293 seila
813 1246 1041 1297 consedit,
1073 1243 1220 1287 dicens
1255 1243 1338 1286 sibi
1366 1244 1506 1287 minus
1538 1243 1648 1285 bene

341 1337 462 1366 esse:
504 1322 626 1378 Jubet
644 1354 659 1374 ‚
702 1323 900 1376 maj0rem
941 1317 1070 1360 filiam
1108 1315 1280 1358 vocari:
1327 1316 1428 1358 haec
1477 1316 1650 1357 advolat

344 1395 579 1439 continuo:
627 1394 700 1436 ille
736 1388 1016 1444 interroganti
1053 1387 1114 1430 nil
1152 1388 1408 1440 respondet,
1441 1386 1557 1439 quod
1589 1385 1653 1428 in-

346 1466 482 1520 teuigi
510 1475 685 1519 posset:
719 1473 923 1518 apparent
945 1461 1143 1502 alienatae
1165 1457 1318 1499 mentis
1346 1457 1528 1500 indicia:
1557 1469 1654 1499 ver-

347 1538 400 1580 ba
423 1534 625 1579 excidunt
657 1533 820 1576 Graeca
839 1564 854 1585 ,
886 1529 1070 1583 Latina,
1099 1529 1179 1572 alia
1213 1543 1303 1572 non
1333 1529 1464 1584 magis
1493 1529 1657 1572 intelle·

345 1618 438 1651 eta:
469 1616 577 1649 nutu
602 1604 884 1655 manibusque
908 1603 1150 1658 significat,
1178 1603 1289 1645 velle
1315 1614 1360 1645 se
1382 1601 1426 1644 in
1449 1602 1561 1643 lecto
1587 1611 1655 1641 re-

346 1679 478 1735 poni:
513 1674 741 1731 reponitur
757 1706 771 1727 9
795 1689 842 1719 ac
862 1676 961 1718 dum
988 1676 1156 1719 toilitur
1179 1687 1226 1716 ac
1250 1671 1533 1722 transfertur,
1555 1668 1658 1716 11111·

348 1765 455 1795 mam
502 1748 635 1792 edidit
671 1759 852 1799 vocem,
895 1745 1142 1800 significans
1184 1756 1312 1799 caput
1356 1744 1440 1787 sibi
1480 1743 1653 1784 dolerez

350 1824 518 1878 positus
555 1819 688 1876 J'acuit
721 1817 922 1871 quietus,
958 1816 1191 1870 immorm,
1223 1816 1314 1859 sine
1343 1827 1496 1858 sensu:
1544 1822 1658 1859 certe

350 1907 499 1943 sensus
527 1891 679 1935 indicia
708 1891 824 1932 nulla
847 1888 1084 1933 exstabant.
1134 1885 1420 1930 Venientibus
1443 1897 1541 1926 mox
1569 1896 1656 1925 me·

349 1964 455 2019 dicis
479 1963 618 2006 visum
643 1959 825 2003 remedia
846 1958 1068 2003 adhibere:
1097 1959 1282 2002 adhibita
1309 1969 1405 1998 cum
1432 1956 1538 2007 alia,
1562 1964 1655 1997 tum

348 2034 628 2085 vesicatoria‚
656 2043 746 2074 tum
772 2043 874 2073 vero
901 2030 1116 2074 hirudines
1141 2029 1406 2084 temporibus
1433 2026 1622 2068 admotae
1639 2056 1656 2077 ,

347 2108 507 2151 frustra
531 2105 719 2149 suerunt.
758 2102 859 2159 Quo
880 2101 1054 2156 cognito
1070 2133 1084 2154 ‚
1109 2101 1247 2144 visum
1272 2112 1361 2143 non
1385 2097 1546 2140 diutius
1568 2106 1659 2138 tor-

351 2193 480 2236 quere
521 2176 787 2220 morientem.
861 2175 979 2232 Qui,
1025 2185 1072 2217 ut
1104 2174 1234 2216 semei
1266 2172 1308 2214 111
1346 2173 1456 2213 lecto
1488 2167 1658 2223 positus

350 2238 468 2304 erat,
514 2248 569 2292 ita
604 2262 679 2304 per
721 2250 828 2293 duos
869 2248 958 2290 dies
1011 2247 1199 2298 duasque
1242 2253 1420 2296 noctes,
1463 2242 1508 2285 in
1547 2239 1660 2286 febri

353 2322 544 2377 quamvis
575 2333 751 2374 magna,
795 2329 933 2361 tamen
973 2316 1016 2359 in
1047 2327 1223 2369 stupore
1256 2326 1323 2368 et,
1368 2325 1414 2357 ut
1444 2313 1623 2356 diximus
1642 2341 1659 2363 ‚

357 2395 447 2437 sine
476 2404 593 2435 motu
621 2405 835 2444 sensuque
858 2392 1026 2444 jacens,
1058 2388 1124 2429 die
1151 2388 1315 2429 decimo
1343 2399 1493 2440 quarto
1519 2383 1656 2439 Maji‚

359 2466 461 2507 hora
492 2463 731 2516 vespertina
761 2462 950 2511 decima,
985 2460 1241 2513 exspiravit3
1277 2470 1323 2502 ut
1356 2462 1508 2513 plane,
1543 2454 1659 2506 quod

359 2535 408 2576 dc
434 2536 593 2585 (tm-gia
636 2535 766 2576 sertui·
786 2566 800 2586 ,
835 2548 928 2577 curn
960 2533 1088 2576 frater
1118 2530 1262 2584 fratri,
1296 2540 1470 2572 somnus
1498 2523 1659 2576 morti,

358 2608 517 2648 trudere
551 2606 781 2648 vitiemur.

1590 2665 1671 2709 Ιίϊ·
