1879 3160
385 227 469 274 374
660 206 1394 260 ANNOTATIOAD

382 347 512 380 sensu
544 341 786 387 corporeum
821 331 1019 375 dixerunt
1050 329 1282 374 Lucretius
1307 333 1396 386 ΙΙΙ,
1431 336 1512 388 176
1536 347 1606 390 sq.
1638 347 1680 383 et

381 406 538 450 Cicero
570 403 622 445 de
647 401 785 446 Univ.
814 416 854 448 c.
878 418 905 457 4
929 411 971 443 et
996 404 1038 444 8.
1098 401 1278 443 Fallitur
1300 414 1400 456 ergo
1426 403 1681 453 Lindeman-

380 487 460 521 nus
492 485 588 515 cum
625 472 669 515 in
705 473 986 526 explicatione
1017 472 1166 525 vocis,
1209 482 1297 514 turn
1337 472 1382 516 in
1413 474 1580 519 citando
1606 458 1682 522 Ci-

378 545 547 590 ceronis
575 546 705 598 loco,
746 545 822 599 qui
856 545 940 588 huc
975 558 1064 590 non
1087 545 1300 600 pertinet,
1338 546 1390 588 de
1414 546 1520 590 Nat.
1544 547 1681 592 Deor.

375 617 438 662 ΙΙ.
471 630 546 673 27.

433 688 484 731 P.
519 701 594 741 24.
654 687 862 731 Scientiae
884 684 1008 740 hujus
1029 695 1088 729 est
1106 682 1240 742 finis]
1299 686 1331 732 i.
1359 700 1397 731 e.
1425 687 1681 743 consilium,

378 760 653 816 propositum
671 789 687 814 ,
726 760 843 813 quod
863 756 1071 810 consequi
1093 759 1267 812 studet,
1296 760 1473 803 Graecis
1504 763 1678 814 oxonio-1.

377 845 467 886 quo
491 845 622 876 sensu
644 845 697 876 an
719 832 819 874 item
841 830 994 874 Latine
1008 830 1171 871 dicatur
1187 827 1315 884 finis,
1346 831 1512 885 egregie
1536 831 1684 885 dispu-

374 911 438 945 tat
466 902 766 958 Heusingerus
809 902 944 945 obss.
987 901 1142 946 Antib.
1188 914 1236 955 P.
1264 903 1370 954 406.
1449 903 1682 956 Ceterum,

375 987 474 1017 cum
512 974 640 1030 hujus
668 973 756 1017 loci
779 982 1026 1028 argumento
1052 970 1241 1016 conferri
1264 981 1449 1013 meretur
1468 971 1511 1026 J.
1538 971 1687 1024 Bakii‚

374 1045 437 1089 V.
463 1045 561 1098 CL,
595 1045 747 1089 Oratio
770 1047 822 1089 de
852 1043 1061 1088 Custodia
1086 1042 1252 1087 Veteris
1279 1040 1498 1084 doctrinae
1531 1049 1573 1081 et
1602 1042 1685 1088 ele*

375 1117 542 1173 gantiae
563 1115 794 1170 praecipuo
818 1114 1092 1158 Grammatici
1116 1113 1286 1166 offici0,
1309 1110 1451 1154 habita
1475 1125 1514 1156 a.
1544 1113 1652 1162 1817
1667 1139 1683 1162 ,

369 1188 530 1232 Annal.
561 1186 698 1231 Acad.
729 1185 864 1229 L..B.
897 1186 986 1229 Vol
1033 1185 1113 1228 III.

433 1260 548 1304 Ibid.
609 1258 753 1300 Primi
781 1256 890 1308 illi,
931 1255 1088 1310 caet.]
1157 1255 1269 1298 Cum
1317 1262 1412 1295 toto
1453 1252 1684 1296 hocloco

376 1330 498 1376 conf.
528 1328 661 1384 Elog.
692 1329 861 1371 Hetnst.
904 1341 951 1381 p.
984 1328 1037 1370 80
1064 1339 1134 1378 sq.
1173 1338 1260 1377 quo
1295 1323 1431 1368 veluti
1456 1323 1554 1367 fons
1584 1337 1687 1368 con-

378 1403 567 1456 tinetur,
597 1401 711 1444 unde
734 1412 811 1441 sua
837 1396 956 1440 duxit
978 1393 1356 1448 WVyttenbachius.

437 1472 550 1516 Ibid.
614 1469 699 1525 Qui
720 1492 768 1500 —
792 1468 1047 1509 Literarum
1072 1489 1121 1497 —
1141 1467 1432 1522 principatum
1462 1474 1651 1507 tenerent
1666 1496 1683 1519 ,

379 1554 466 1589 tres
494 1565 552 1576 —
579 1547 800 1581 censentur
816 1568 832 1590 ‚
852 1536 1054 1594 josephus
1076 1534 1297 1590 Scaliger,
1329 1535 1501 1578 Isaacus
1528 1537 1688 1579 Casmi-

378 1616 505 1660 bomis
521 1643 536 1665 ‚
569 1608 772 1654 Claudius
797 1604 1085 1660 Salmasius.]
1146 1606 1213 1647 De
1241 1606 1455 1660 ScaIIgero
1481 1607 1600 1651 conf.
1617 1622 1688 1652 su·

381 1702 459 1744 pra
484 1686 616 1739 Elog.
644 1682 812 1724 Hemst.
843 1694 890 1734 p.
913 1692 988 1734 47.
1018 1687 1060 1720 et
1080 1677 1194 1721 Saxii
1219 1677 1378 1724 Onom.
1406 1679 1498 1722 Lit.
1529 1680 1580 1723 P.
1604 1680 1684 1726 ΙΙΙ.

380 1772 429 1815 Ρ.
467 1768 567 1813 351.
628 1754 696 1797 De
733 1750 992 1795 Casaubono
1021 1779 1036 1801 ‚
1078 1749 1180 1800 cui,
1224 1758 1272 1790 ut
1308 1748 1365 1791 ait
1399 1749 1685 1793 Ruhnkenius

381 1833 417 1875 1.
447 1843 489 1876 c.
521 1841 568 1883 p.
593 1840 680 1879 40,
710 1822 923 1866 doctorum
956 1820 1166 1861 hominum
1192 1833 1404 1863 consensus
1425 1823 1594 1878 primas
1618 1821 1688 1864 de·

371 1901 502 1957 ferre
527 1899 680 1944 solebat
697 1927 712 1950 ‚
744 1895 850 1938 ibid.
881 1894 931 1937 P.
958 1892 1040 1934 IV.
1076 1904 1120 1944 p.
1142 1893 1196 1944 65
1222 1901 1262 1933 et
1291 1903 1389 1944 571.
1448 1894 1514 1935 De
1533 1894 1688 1935 Salma-

381 1972 481 2024 sio,
527 1970 603 2024 qui
637 1970 679 2013 in
715 1970 791 2011 hac
831 1967 923 2019 ipsa
957 1963 1214 2015 Academia,
1257 1973 1364 2016 post
1395 1962 1683 2018 Scaligertnn,

379 2043 524 2089 literas
549 2040 749 2091 tradidit,
782 2039 887 2081 ibid.
921 2050 966 2090 p.
998 2037 1075 2078 188
1102 2046 1142 2077 et
1168 2038 1265 2088 583.

439 2115 489 2159 P.
521 2126 595 2168 25.
658 2111 833 2167 Imperii
857 2121 908 2149 ac
926 2105 1131 2161 ditionis]
1190 2106 1238 2148 Id
1262 2115 1324 2148 est
1340 2136 1355 2159 ,
1392 2105 1511 2160 regni
1536 2118 1582 2147 ac
1605 2118 1687 2160 po.

382 2186 567 2233 testatis.
640 2180 716 2225 Cf.
760 2177 996 2221 Ruhnken.
1039 2177 1090 2219 ad
1134 2177 1299 2222 Mutet.
1343 2174 1403 2220 T.
1443 2177 1484 2223 Ι.
1524 2189 1571 2229 Ρ.
1615 2187 1685 2230 14.

384 2260 476 2307 sive
506 2259 673 2314 Opusc.
707 2253 766 2297 T.
788 2253 846 2296 ΙΙ.
878 2264 924 2304 p.
954 2262 1056 2303 723.

440 2331 555 2377 Ibid.
619 2328 701 2383 Qui
719 2326 840 2367 milla
863 2323 1034 2378 linguae
1050 2319 1393 2375 —intelligentia
1418 2321 1620 2362 instructi
1631 2343 1686 2352 —

380 2409 429 2449 in
457 2404 741 2458 Antiquorcmz
766 2411 860 2447 res,
890 2394 1021 2437 velun·
1043 2386 1347 2448 Philosophiam
1377 2413 1426 2421 —
1454 2390 1686 2447 involant]

383 2475 522 2520 Conf.
559 2466 872 2514 Heinsterhusii
914 2465 1141 2518 querelae,
1186 2463 1316 2516 Elog.
1362 2478 1407 2518 p.
1436 2467 1506 2519 36.

438 2547 490 2588 P.
527 2558 599 2598 27.
661 2539 899 2594 Utrumque
928 2541 1252 2579 instrumentum
1285 2536 1352 2576 ita
1375 2534 1536 2575 tenebat
1560 2533 1686 2574 Hem-

381 2615 642 2670 stefhanus]
718 2613 859 2670 Cujus
899 2609 987 2654 vid.
1034 2608 1166 2663 Elog.
1215 2618 1344 2662 supra
1378 2618 1424 2660 p.
1447 2615 1501 2658 41
1531 2625 1582 2635 -
1609 2616 1682 2654 44.

1600 2673 1687 2716 Ce-
