1879 3160
361 157 639 206 νιτΑΜ
703 153 1239 202 RuuNxENu.
1381 168 1463 212 431

166 283 385 341 offensione
420 281 655 325 subiratum
692 278 826 322 fuisse
857 279 1164 333 staverenum‚
1193 283 1267 336 qui
1297 292 1339 321 se
1373 280 1474 319 item

169 355 347 398 doctoris
374 354 601 397 umbratici
625 352 787 393 nominc
815 348 1050 406 significari
1081 348 1287 394 crederet.
1348 349 1477 393 Unde

171 426 323 480 partim
363 425 610 468 illustranda
647 431 786 475 sunt,
831 420 980 476 partim
1032 420 1154 462 etiam
1197 420 1476 476 corrigenda,

171 512 278 552 quae
313 511 412 540 mox
441 504 663 540 narrantur
694 505 791 547 pag.
822 505 902 548 91:
938 489 1072 533 fuisse
1109 493 1323 535 nonnullos
1357 492 1480 535 Scho-

168 570 313 611 larum
345 568 567 620 Rectores,
599 567 673 623 qui
713 579 753 606 se
788 561 1023 619 significari
1058 571 1097 604 et
1129 564 1211 620 ipsi
1239 573 1478 622 putarent,

168 651 211 682 et
237 642 336 683 aliis
366 639 598 682 hominibus
629 636 892 680 Scholasticis
910 631 1246 690 persuaderent,
1274 647 1394 677 suum
1418 635 1483 679 νί·

168 723 241 755 tae
259 725 392 769 genus
426 724 476 752 ac
502 723 652 753 munus
686 712 731 751 in
765 708 844 751 illa
869 707 1058 749 oratione
1091 703 1229 747 rideri
1263 719 1313 747 ac
1350 705 1461 766 veltet

165 788 215 829 in
248 797 411 827 scenam
446 781 621 825 traduci
649 793 676 822 a
714 777 995 831 Ruhnkenio,
1036 775 1116 819 sibi
1141 776 1337 832 placente
1374 778 1466 832 qaod

167 869 398 911 numquam
432 856 479 895 in
521 856 704 910 ipsorum
742 848 889 893 ordine
926 858 967 891 et
1004 847 1257 891 obscuritate
1290 849 1460 896 vixisct,

167 927 291 983 Quae
328 940 454 980 quam
490 925 638 978 iniqua
672 922 803 966 fuerit
840 920 1150 975 reprehensio,
1192 924 1288 964 luce
1326 923 1465 967 cla-ius

168 997 407 1040 ostendunt
436 1008 620 1049 causae,
665 995 823 1048 quibus
863 993 1096 1047 inductus,
1137 1003 1180 1036 et
1214 995 1467 1049 longealiud

171 1068 277 1121 quid
296 1076 516 1121 spectans,
531 1066 820 1108 Ruhnkenius
845 1063 1091 1108 istiusmodi
1106 1064 1352 1109 Scholastica
1373 1080 1468 1109 mu-

167 1152 268 1183 nera
281 1168 298 1192 ,
318 1136 434 1192 quali
455 1137 535 1179 rite
559 1135 760 1179 obeundo
778 1148 872 1178 sese
887 1136 997 1178 haud
1010 1151 1152 1190 parem
1171 1139 1433 1182 arbitrmatur
1446 1171 1465 1193 ‚

162 1220 412 1254 constanter
447 1208 758 1262 repudiaverat.
822 1206 925 1250 Vid.
955 1219 1084 1261 supra
1113 1220 1161 1261 p.
1188 1211 1262 1266 63.
1291 1220 1324 1254 :t
1359 1224 1472 1264 quae

165 1283 230 1325 ibi
263 1282 467 1325 diximus.
539 1280 774 1334 Ceterum,
821 1292 930 1333 quae
963 1279 1015 1321 de
1051 1279 1231 1324 honesta
1263 1281 1469 1324 ‹eteribus

165 1353 364 1398 Doctoris
400 1351 630 1395 umbratici
665 1351 954 1406 appellatione
985 1362 1243 1396 monuerunt
1267 1355 1473 1410 Wytten-

165 1424 346 1467 bachius
371 1432 414 1465 et
428 1422 637 1467 Mahnius
654 1453 670 1477 ‚
693 1421 801 1467 locis
824 1421 1004 1465 laudatis
1021 1453 1035 1474 ,
1064 1436 1111 1466 ea
1136 1424 1216 1468 etsi
1243 1437 1337 1470 sunt
1359 1428 1473 1482 ejus-

170 1495 314 1548 modi,
347 1505 396 1536 ut
435 1494 554 1547 quod
584 1503 733 1537 contra
767 1492 881 1534 dicas
909 1492 970 1535 nil
995 1492 1120 1537 facile
1158 1497 1368 1549 reperias3
1400 1510 1474 1539 ve·

165 1576 402 1608 rumtamen
436 1565 549 1608 haud
572 1564 810 1619 spernenda
835 1574 937 1607 sunt
961 1563 1004 1608 in
1034 1567 1285 1610 contrariam
1313 1576 1477 1621 partem

164 1637 382 1691 disputata
411 1637 462 1679 ab
486 1638 532 1693 J.
556 1638 608 1680 F.
634 1635 892 1689 Gronovio‚
923 1636 1051 1681 Lect.
1077 1638 1262 1682 Plautin.
1295 1651 1341 1691 p.
1368 1650 1444 1692 93.

223 1709 274 1752 P.
306 1719 378 1763 92.
426 1708 529 1751 Cum
563 1707 808 1750 Burmanno
843 1720 934 1749 eum
968 1710 1207 1751 animorum
1240 1708 1478 1751 liberalitas

162 1791 205 1825 et
237 1778 469 1823 similitudo
486 1776 668 1831 facilius
691 1778 1003 1833 reconciliavit]
1048 1778 1151 1822 Vid.
1177 1777 1285 1822 infra
1305 1792 1350 1833 p.
1373 1792 1475 1833 170.

220 1855 270 1897 P.
296 1866 372 1907 93.
417 1848 540 1906 Quod
563 1849 784 1909 proverbio
818 1850 1011 1903 dicitur,
1038 1852 1124 1892 iter
1150 1853 1266 1893 caeci
1276 1851 1297 1906 ]
1341 1851 1479 1895 Grae-

157 1926 222 1970 cis
251 1928 274 1976 ἧ
310 1926 472 1977 τύφλευ
505 1923 662 1975 πορεία.
721 1922 862 1966 Conf.
901 1921 1073 1964 Erasmi
1099 1921 1260 1975 Adagia
1296 1935 1342 1975 p.
1374 1934 1474 1967 112.

214 1995 327 2039 Ibid.
378 1994 714 2049 Peregrinitatis
760 1995 922 2037 crimen
962 2014 1019 2026 —
1064 2005 1136 2034 nec
1183 1993 1474 2052 morabatur]

161 2065 454 2110 Conferantur
504 2065 576 2107 hic
626 2064 756 2107 simili
799 2064 846 2108 in
888 2077 1036 2110 caussa
1074 2076 1099 2107 a
1135 2063 1475 2118 wyttenbachio

159 2139 318 2193 scripta
355 2139 399 2182 in
433 2135 734 2190 Protreptico,
773 2136 962 2181 Philom.
1005 2137 1063 2181 L.
1097 2136 1158 2181 II.
1197 2150 1243 2190 p.
1278 2139 1360 2179 180
1399 2151 1471 2191 sq.

160 2211 330 2265 opusc.
364 2209 425 2253 T.
450 2211 508 2253 Π.
528 2203 586 2264 Ῥ.
615 2211 694 2262 278
711 2221 783 2262 sq.
816 2207 915 2251 item
941 2208 1088 2264 Epist.
1107 2209 1255 2252 Sodal.
1283 2209 1472 2255 Philom.

159 2297 211 2338 p.
240 2296 340 2337 149.
401 2282 469 2325 De
504 2279 698 2324 eruditae
733 2281 952 2335 civitatis,
995 2294 1103 2334 quae
1140 2279 1366 2334 sequitur,
1396 2293 1475 2334 ap-

159 2354 390 2410 pellatione
412 2352 521 2396 infra
547 2353 735 2395 dicemus
763 2352 814 2394 ad
841 2365 940 2408 pag.
970 2356 1075 2398 226.

216 2427 266 2470 P.
294 2437 366 2480 95.
409 2426 539 2467 Nunc
575 2424 733 2480 triplex
770 2433 866 2465 erat
898 2424 1104 2479 pensum]
1151 2424 1476 2468 Accedentibus-

155 2495 332 2549 insuper
366 2495 529 2538 Literis
565 2495 776 2548 Graecis,
821 2507 996 2547 quarum
1035 2504 1080 2536 ut
1116 2506 1235 2538 antea
1270 2497 1467 2550 Lector,

156 2567 212 2611 ita
242 2579 354 2612 nunc
382 2566 627 2611 Latinarum
658 2564 913 2620 Professor,
947 2577 1083 2610 tamen
1106 2567 1157 2609 ad
1188 2567 1470 2612 Hemstcrhu·

1416 2650 1468 2680 sn
