1879 3160
322 231 406 278 289
587 222 771 269 VITA
812 220 871 273 D..
916 217 1364 281 RUHNKENH..

332 348 557 399 suetudine
577 340 835 390 observavit.
892 342 960 385 Ac
988 355 1055 384 me
1083 342 1251 396 quidem
1278 360 1436 391 novum
1461 349 1646 404 Lugdu-L

335 422 379 473 ni
422 420 620 462 advenam
664 412 770 455 illud
810 411 854 455 in
898 413 1160 458 Ruhnkenio
1178 448 1192 470 ‚
1235 415 1516 462 Valckenario
1535 452 1550 472 ,
1596 430 1637 469 et

336 489 556 546 plerisque
579 483 718 527 doctis
745 483 875 536 viris,
906 484 1176 536 manifestum
1210 486 1348 530 civilis
1377 490 1644 542 aequalitatis

335 549 523 608 studium
547 556 724 609 mirifice
749 563 793 606 et
823 555 1004 605 advertit
1033 567 1075 599 et
1096 557 1236 612 cepit:
1270 571 1402 611 quum
1426 572 1500 603 eos
1522 562 1657 604 videar
1850 562 1854 617 l

335 645 455 684 rem,
484 642 573 684 non
614 627 742 670 modo
774 625 984 680 invicem,
1013 629 1090 672 sed
1116 641 1212 683 erga
1238 630 1482 684 superiores
1510 643 1551 675 et
1576 633 1642 676 in-

335 703 548 753 feriores,
580 708 670 740 tum
691 709 794 738 vero
827 711 924 752 erga
955 698 1193 754 discipulos
1226 714 1312 744 eam
1346 712 1492 749 tenere
1515 704 1647 747 ratio-s

334 787 428 818 nem
447 805 463 826 ‚
490 782 537 814 ut
562 782 636 817 eos
662 767 783 818 nullo
805 767 1050 819 discrimine
1073 771 1305 826 haberent,
1327 774 1482 818 divites
1497 807 1512 829 ,
1537 790 1645 829 pau.

335 860 457 906 peres
475 876 490 899 ‚
532 842 736 891 nobile5‚
769 838 1016 893 obscuros,
1046 841 1281 900 patrieiOS,
1311 845 1536 904 plebeios,
1568 861 1643 890 eo·
1853 859 1856 890 ἰ

336 920 432 969 dem
472 911 651 968 honoris
687 911 817 966 gradu
858 923 1060 965 censere,
1104 926 1178 956 eos
1212 915 1325 958 haud
1363 916 1494 960 dubio
1521 921 1647 966 solos

336 985 514 1037 caeteris
534 982 747 1043 praeferre
764 1013 784 1041 ,Δ
816 981 889 1035 qui
913 982 1089 1026 caeteris
1115 982 1200 1037 ipsi
1223 986 1416 1033 doctrina
1437 1000 1479 1038 et
1507 990 1645 1034 virtu-

337 1071 382 1103 te
408 1065 689 1113 praestarent,
746 1054 896 1106 Itaque
921 1056 1026 1102 tales
1049 1055 1162 1110 viri,
1195 1058 1269 1111 qui
1286 1061 1372 1116 J'am
1397 1075 1474 1117 per
1494 1074 1542 1104 se
1560 1061 1646 1116 ipsi

338 1123 544 1184 humanae
561 1137 734 1174 naturae
749 1125 1096 1180 conditionisque
1117 1130 1408 1183 aequalitatem
1433 1135 1644 1184 colerent,

250 1218 390 1266 259eo
414 1201 581 1246 facilius
609 1197 648 1241 ei
672 1206 812 1249 sectae
829 1227 845 1249 ‚
881 1210 988 1259 quae
1007 1211 1053 1240 se
1076 1199 1203 1255 huius
1239 1203 1415 1253 rationiS
1436 1202 1646 1254 vindicem

339 1283 649 1331 patronamque
676 1267 978 1324 profiteretur,
1010 1272 1366 1324 conciliabantur.

397 1344 511 1396 Sed,
543 1351 592 1392 ut
622 1340 832 1395 stirpibus
871 1341 1035 1395 aliena,
1073 1355 1123 1384 ex
1150 1344 1289 1386 eadem
1310 1355 1449 1388 tamen
1475 1339 1611 1387 radice
1628 1374 1649 1401 ,ζ

343 1414 528 1470 germina
568 1412 886 1465 adnascuntur3
918 1412 976 1455 ita
1008 1414 1189 1456 humana
1215 1425 1363 1458 natura
1389 1430 1485 1459 eum
1512 1417 1648 1459 virtu·

344 1485 459 1527 tibus
487 1483 655 1537 profert
687 1485 886 1537 quaedam
914 1486 937 1527 a
961 1485 1139 1527 Graecis
1176 1484 1288 1528 dicta
1312 1486 1408 1530 κατ’
1430 1490 1652 1540 ἐπακολού-

341 1561 450 1613 θησιν
483 1556 924 1611 παραβλαατιὶματω,
968 1555 1139 1607 habitus
1174 1564 1216 1607 et
1251 1555 1549 1605 inclinationes
1572 1572 1658 1612 per>

343 1628 560 1682 sequelam
580 1626 871 1679 adnaseentes.
931 1625 1089 1679 Neque
1108 1625 1459 1673 dissimulandum
1482 1638 1546 1673 est
1561 1658 1576 1679 ,
1607 1628 1655 1671 in

343 1695 592 1747 Ruhnkenii
617 1695 757 1738 animo
784 1700 888 1740 tales
904 1727 919 1749 ,
954 1696 1074 1749 quasi
1096 1695 1398 1750 egerminantes
1414 1728 1430 1751 ‚
1461 1699 1655 1742 affectio!

342 1783 419 1814 nes
444 1782 491 1811 ae
516 1767 810 1823 proclivitates
852 1769 1064 1823 exstitisse
1080 1799 1094 1820 ‚
1128 1780 1239 1821 quae
1262 1766 1307 1811 in
1341 1768 1546 1812 virtutum
1572 1783 1656 1813 nu-

345 1854 465 1889 mero
487 1853 576 1883 non
603 1849 868 1890 censeantur.
928 1841 1084 1893 Neque
1117 1852 1198 1895 nos
1224 1852 1320 1883 eum
1346 1850 1395 1889 ut
1416 1842 1654 1898 perfectum

347 1913 682 1963 absolutumque
697 1909 909 1962 hominem
928 1911 1206 1959 informamus
1220 1942 1234 1965 ,
1259 1923 1400 1964 neque
1423 1913 1516 1966 eJ'us
1538 1911 1658 1954 Lau-.

346 1983 595 2035 dationem,
642 1982 717 2024 sed
750 1982 896 2029 Vitam
937 1984 1185 2027 scribimus.
1244 1981 1380 2036 Igitur
1418 1995 1504 2035 non
1530 1981 1657 2025 dissi-

348 2055 557 2105 mulamus
579 2084 594 2105 ,
627 2056 838 2102 naturales
875 2055 968 2107 illas
1006 2054 1189 2103 virtutes
1225 2050 1470 2106 facilitatis,
1501 2054 1657 2103 cando-

349 2124 408 2166 ris
424 2154 439 2174 ,
472 2123 736 2175 liberalitatis
751 2154 767 2179 ,
797 2126 840 2181 in
859 2123 1127 2179 quotidianae
1151 2125 1260 2173 vitae
1280 2122 1464 2176 negotiis
1491 2132 1531 2163 et
1551 2136 1658 2169 cons

350 2195 572 2237 suetudine
589 2226 604 2248 ‚
639 2198 729 2250 ejus
750 2195 912 2250 judicio
934 2205 973 2236 et
995 2194 1176 2236 acumini
1201 2207 1521 2247 nonnumquam
1549 2195 1656 2238 offe-

350 2267 475 2318 cisse.
535 2267 866 2330 Epicharmeum
899 2266 1033 2320 illud,
1063 2267 1244 2323 μέμνασ’
1271 2269 1458 2320 ἀπιστεῖν
1487 2268 1652 2322 (107),

1613 2350 1658 2382 m

402 2459 551 2510 (μή)
579 2460 691 2514 Apud
719 2461 922 2505 stobaeum
963 2462 1077 2506 Serm.
1101 2463 1185 2511 ΠΙ,
1213 2475 1255 2513 ρ,
1276 2475 1339 2512 49,
1367 2462 1457 2503 edit.
1487 2458 1657 2506 Gesneri.¹

355 2527 413 2566 cd.
437 2527 562 2568 Grotii
590 2538 624 2572 p.
649 2536 719 2571 24:
748 2527 811 2572 qui
829 2523 1009 2562 reddidit:
1037 2527 1165 2576 ngla
1181 2556 1194 2576 ,
1222 2542 1290 2568 neu
1314 2529 1408 2578 quid
1422 2534 1557 2566 temere
1579 2535 1658 2561 cren

356 2591 444 2630 &1253
472 2594 576 2628 nemi
602 2589 641 2627 ln'
673 2598 753 2642 mm
772 2590 1015 2641 prudentiae,
