1879 3160
282 247 345 279 ΧΠ
471 236 473 238 ’
624 228 1219 276 PRAEFATIO.

280 355 410 398 nibus
426 384 439 407 ,
470 354 544 396 sed
573 353 718 409 judicii
742 352 927 394 nondum
969 352 1068 396 satis
1092 354 1254 397 subacti
1280 364 1321 397 et
1346 356 1574 401 exercitati.

280 431 436 483 Neque
462 443 563 473 vero
587 426 739 479 aliquis
757 427 967 471 existimet
984 459 999 480 ,
1031 442 1115 471 eam
1143 443 1221 472 nos
1240 430 1331 472 ideo
1360 444 1575 474 censuram

279 507 414 561 egisse
432 537 446 558 ‚
481 506 594 558 quod
609 515 797 546 summos
813 502 931 546 viros
951 514 991 546 et
1013 504 1258 547 Latinitatis
1276 506 1450 549 scientia
1465 509 1581 560 prin-

277 582 392 636 cipes
405 583 479 624 hac
498 581 645 624 nostra
662 591 744 632 ope
761 578 946 632 indigere
970 581 1286 625 arbitraremur.
1317 585 1452 625 Immo
1477 595 1576 625 vero

437 657 538 698 Non
557 655 639 698 tali
653 654 818 697 auxilio
834 683 849 706 ,
880 667 951 697 nec
977 654 1254 707 defensoribus
1276 660 1367 700 istis
1385 688 1402 710 ,

277 735 421 787 quales
444 744 524 775 nos
553 742 728 782 sumus,
760 741 870 782 opus
897 740 983 771 erat
1015 730 1272 775 Ruhnkenio
1305 743 1348 776 et
1374 734 1578 788 W‘ytten·

275 808 426 850 bachio
443 837 456 857 ‚
490 818 693 858 quorum,
715 815 763 848 ut
782 804 839 849 ita
862 804 1026 858 dicam,
1053 808 1088 847 si
1112 806 1326 862 Pergama
1339 807 1578 852 dextrdde-

262 882 389 937 fiwdi
397 891 583 938 possent,
608 882 734 922 etiam
756 879 846 922 sold
858 879 1026 935 defensa
1040 880 1248 935 fuissent;
1271 883 1427 935 quique
1449 885 1576 936 adeo,

275 959 311 1001 si
337 959 553 1001 adversus·
579 956 834 999 semidoctos
866 967 1000 999 terrae
1037 957 1148 999 filios
1179 957 1430 1000 defendendi
1468 957 1580 999 fuis-

273 1045 398 1087 sent,
418 1036 484 1076 vel
499 1035 592 1075 solo
611 1046 689 1075 suo
712 1033 903 1086 ipsorum
931 1033 1118 1086 pondere
1137 1046 1183 1076 ac
1206 1034 1459 1087 praestantia
1487 1046 1580 1077 sese

274 1109 397 1152 facile
433 1109 556 1154 tutati
582 1118 747 1161 essent;
785 1109 888 1162 quin
921 1107 1045 1151 etiam
1076 1107 1258 1150 subinde
1285 1110 1409 1153 tutati
1444 1119 1579 1160 sunt,

274 1197 353 1239 ut,
393 1198 446 1228 ne
478 1185 557 1229 alia
591 1183 841 1233 afferamus,
868 1185 936 1225 vel
963 1196 1093 1226 unum
1138 1183 1461 1236 ‘Wyttenbachii
1493 1185 1580 1228 Ca-

275 1260 510 1310 ssrarsium,
542 1258 725 1300 Philoni.
752 1258 810 1300 L.
842 1257 907 1309 L,
942 1259 1038 1301 luce
1074 1257 1228 1300 clarius
1257 1259 1459 1303 ostendit.
1519 1261 1581 1303 At

274 1349 416 1387 vero,
459 1333 542 1377 nisi
590 1332 675 1387 ipsi
715 1333 791 1375 hac
833 1331 1094 1376 defensionis
1131 1336 1262 1387 opera
1302 1334 1581 1389 indigebant,

278 1414 325 1455 ea
361 1424 441 1455 nos
483 1409 749 1463 indigemus,
797 1417 837 1450 et
871 1407 1059 1463 indigent
1095 1409 1340 1462 quicunque
1373 1410 1580 1454 bonarum
1616 1460 1619 1463 ,

278 1489 515 1532 Literarum
541 1493 581 1527 et
605 1484 761 1527 veteris
787 1484 1015 1539 elegantiae
1039 1485 1221 1528 studiosi
1245 1496 1365 1528 sunt.
1405 1486 1580 1540 Nobis,

275 1567 481 1618 inquam,
527 1563 704 1604 Batavae
745 1569 878 1603 terrae
912 1560 1093 1611 incolis,
1137 1573 1317 1614 quorum
1352 1561 1396 1604 in
1441 1562 1579 1605 medio

276 1640 432 1684 summi
469 1639 532 1681 illi
565 1636 647 1679 viri
689 1636 903 1679 doctrinae
935 1649 1035 1681 suae
1081 1639 1217 1678 lucem
1247 1638 1468 1691 splendere
1503 1650 1581 1680 vo-

276 1721 473 1764 lucrunt,
519 1724 643 1766 turpe
679 1713 735 1756 sit
773 1721 814 1754 et
852 1725 940 1757 non
987 1711 1238 1766 ferendum,
1282 1713 1366 1757 nisi
1410 1712 1582 1755 illorum

281 1793 428 1848 quavis
450 1790 610 1832 ratione
634 1786 833 1830 memoria
858 1787 1144 1834 vindicaretur
1171 1787 1221 1830 ab
1250 1787 1406 1842 ineptis
1425 1788 1585 1831 levius-

277 1872 471 1913 cuiorum
502 1863 722 1909 hominum
756 1862 923 1916 injuriis
961 1875 1002 1905 et
1041 1862 1399 1906 cavillationibus.
1470 1865 1585 1906 Eos-

278 1948 370 1990 dem
401 1944 531 1992 iiios‚
567 1940 604 1982 si
635 1938 802 1990 quando
845 1937 964 1990 ipsos
995 1937 1144 1981 leviter
1175 1950 1309 1981 errare
1350 1939 1584 1991 deprehen-

277 2022 447 2072 dimus,
490 2026 589 2066 aut‚
624 2014 697 2055 ubi
736 2015 778 2057 in
824 2024 1026 2067 promptu
1056 2023 1142 2054 erat
1179 2012 1424 2064 excusatio,
1458 2027 1584 2055 excu-

279 2112 371 2142 sare
405 2092 677 2142 studuimus,
721 2100 793 2131 aut
829 2089 1003 2136 candide
1044 2099 1086 2130 et
1123 2087 1371 2142 simpliciter
1418 2088 1586 2131 monui-

275 2187 390 2218 mus.
452 2170 663 2212 Tironum
703 2165 812 2211 enim
844 2176 892 2208 ut
932 2167 999 2208 vel
1037 2165 1210 2206 maxime
1238 2164 1440 2216 interest,
1469 2177 1581 2218 mag-

276 2261 429 2294 norum
467 2244 654 2288 virorum
694 2254 856 2294 errores
904 2240 1075 2292 notari,
1120 2253 1204 2293 qno
1244 2238 1372 2293 magis
1420 2250 1461 2281 et
1497 2239 1580 2292 ipsi

278 2328 328 2370 ab
375 2335 519 2377 eorum
553 2317 806 2362 auctoritate
845 2317 930 2359 sibi
965 2327 1167 2366 caveant;
1201 2316 1257 2357 ita
1291 2316 1424 2357 multo
1457 2314 1578 2357 etiam

278 2402 408 2455 magis
445 2394 647 2441 convenit
681 2393 848 2437 eosdem
886 2393 1001 2434 viros
1037 2405 1058 2433 a
1096 2391 1201 2434 falsa
1240 2391 1393 2434 erroris
1434 2391 1576 2445 suspi-

280 2479 402 2520 cione
451 2469 662 2522 liberari,
708 2480 756 2510 ut
792 2481 846 2511 ne
886 2467 1023 2510 omnis
1062 2466 1112 2509 iis
1146 2469 1310 2510 tandem
1352 2468 1577 2520 denegetur

279 2547 514 2597 testimonii
563 2544 827 2588 auctoritas:
875 2543 1190 2596 cavendumque
1228 2557 1281 2586 ne
1304 2574 1319 2596 ,
1366 2555 1470 2595 quae
1499 2555 1576 2584 no-

278 2641 388 2674 strae
411 2622 556 2668 aetatis
580 2622 709 2675 vulgo
733 2618 1016 2664 inconstantia
1045 2631 1136 2662 csse
1163 2622 1301 2672 solet,
1335 2617 1575 2672 prIncipum

1539 2704 1579 2735 n]
