<?xml version="1.0" encoding="UTF-8"?>
<!DOCTYPE html PUBLIC "-//W3C//DTD XHTML 1.0 Transitional//EN"
    "http://www.w3.org/TR/xhtml1/DTD/xhtml1-transitional.dtd">
<html xmlns="http://www.w3.org/1999/xhtml" xml:lang="en" lang="en">
 <head>
  <title>
</title>
<meta http-equiv="Content-Type" content="text/html;charset=utf-8" />
  <meta name='ocr-system' content='tesseract 3.04.00' />
  <meta name='ocr-capabilities' content='ocr_page ocr_carea ocr_par ocr_line ocrx_word'/>
</head>
<body>
  <div class='ocr_page' id='page_1' title='image "./elogiumtiberiihe00ruhnuoft/elogiumtiberiihe00ruhnuoft_0474.png"; bbox 0 0 1879 3160; ppageno 0'>
   <div class='ocr_carea' id='block_1_1' title="bbox 373 152 1389 235">
    <p class='ocr_par' dir='ltr' id='par_1_1' title="bbox 373 152 1389 235">
     <span class='ocr_line' id='line_1_1' title="bbox 373 152 1389 235; baseline -0.002 -11"><span class='ocrx_word' id='word_1_1' title='bbox 373 179 460 235; x_wconf 70' lang='lat'><strong>416</strong></span> <span class='ocrx_word' id='word_1_2' title='bbox 667 152 1389 222; x_wconf 64' lang='lat' dir='ltr'>ANNOTATIOAD</span> 
     </span>
    </p>
   </div>
   <div class='ocr_carea' id='block_1_2' title="bbox 369 292 1717 2676">
    <p class='ocr_par' dir='ltr' id='par_1_2' title="bbox 369 292 1706 2410">
     <span class='ocr_line' id='line_1_2' title="bbox 374 292 1670 355; baseline 0 -10"><span class='ocrx_word' id='word_1_3' title='bbox 374 302 455 346; x_wconf 75' lang='lat' dir='ltr'><strong>sibi</strong></span> <span class='ocrx_word' id='word_1_4' title='bbox 491 298 619 342; x_wconf 77' lang='lat' dir='ltr'><strong>deesse</strong></span> <span class='ocrx_word' id='word_1_5' title='bbox 635 327 651 349; x_wconf 90' lang='lat'><strong>,</strong></span> <span class='ocrx_word' id='word_1_6' title='bbox 682 309 811 353; x_wconf 79' lang='lat' dir='ltr'><strong>neque</strong></span> <span class='ocrx_word' id='word_1_7' title='bbox 844 292 1122 348; x_wconf 69' lang='lat' dir='ltr'><strong>divitiarum,</strong></span> <span class='ocrx_word' id='word_1_8' title='bbox 1163 310 1293 353; x_wconf 77' lang='lat' dir='ltr'><strong>neque</strong></span> <span class='ocrx_word' id='word_1_9' title='bbox 1322 300 1570 355; x_wconf 70' lang='lat' dir='ltr'><strong>voluptatis,</strong></span> <span class='ocrx_word' id='word_1_10' title='bbox 1602 316 1670 345; x_wconf 56' lang='lat' dir='ltr'><strong>ne*</strong></span> 
     </span>
     <span class='ocr_line' id='line_1_3' title="bbox 373 366 1671 430; baseline 0.002 -16"><span class='ocrx_word' id='word_1_11' title='bbox 373 377 452 430; x_wconf 79' lang='lat' dir='ltr'><strong>que</strong></span> <span class='ocrx_word' id='word_1_12' title='bbox 478 369 643 412; x_wconf 80' lang='lat' dir='ltr'><strong>honoris</strong></span> <span class='ocrx_word' id='word_1_13' title='bbox 664 380 680 408; x_wconf 90' lang='lat'><strong>.·</strong></span> <span class='ocrx_word' id='word_1_14' title='bbox 715 377 852 424; x_wconf 81' lang='lat' dir='ltr'><strong>paene</strong></span> <span class='ocrx_word' id='word_1_15' title='bbox 881 366 1008 420; x_wconf 81' lang='lat' dir='ltr'><strong>fidem</strong></span> <span class='ocrx_word' id='word_1_16' title='bbox 1035 371 1237 424; x_wconf 67' lang='lat' dir='ltr'><strong>superare</strong></span> <span class='ocrx_word' id='word_1_17' title='bbox 1279 369 1533 414; x_wconf 66' lang='lat' dir='ltr'><em>Batavorum</em></span> <span class='ocrx_word' id='word_1_18' title='bbox 1568 385 1671 430; x_wconf 81' lang='lat' dir='ltr'><strong>erga</strong></span> 
     </span>
     <span class='ocr_line' id='line_1_4' title="bbox 374 439 1675 492; baseline 0 -7"><span class='ocrx_word' id='word_1_19' title='bbox 374 458 414 485; x_wconf 84' lang='lat' dir='ltr'><strong>se</strong></span> <span class='ocrx_word' id='word_1_20' title='bbox 449 439 665 492; x_wconf 83' lang='lat' dir='ltr'><strong>studium,·</strong></span> <span class='ocrx_word' id='word_1_21' title='bbox 695 440 821 480; x_wconf 88' lang='lat' dir='ltr'><strong>modo</strong></span> <span class='ocrx_word' id='word_1_22' title='bbox 855 451 1031 480; x_wconf 79' lang='lat' dir='ltr'><em>auream</em></span> <span class='ocrx_word' id='word_1_23' title='bbox 1066 439 1177 481; x_wconf 84' lang='lat' dir='ltr'><strong>illam</strong></span> <span class='ocrx_word' id='word_1_24' title='bbox 1213 441 1463 484; x_wconf 83' lang='lat' dir='ltr'><strong>celebrantis</strong></span> <span class='ocrx_word' id='word_1_25' title='bbox 1495 442 1675 486; x_wconf 69' lang='lat' dir='ltr'><strong>Batavo·</strong></span> 
     </span>
     <span class='ocr_line' id='line_1_5' title="bbox 374 510 1676 565; baseline 0.001 -12"><span class='ocrx_word' id='word_1_26' title='bbox 374 522 469 554; x_wconf 75' lang='lat' dir='ltr'><strong>rum</strong></span> <span class='ocrx_word' id='word_1_27' title='bbox 493 510 728 552; x_wconf 83' lang='lat' dir='ltr'><strong>libertatem</strong></span> <span class='ocrx_word' id='word_1_28' title='bbox 737 522 755 563; x_wconf 88' lang='lat'><strong>,·</strong></span> <span class='ocrx_word' id='word_1_29' title='bbox 784 510 911 551; x_wconf 90' lang='lat' dir='ltr'><strong>modo</strong></span> <span class='ocrx_word' id='word_1_30' title='bbox 939 521 1140 565; x_wconf 75' lang='lat' dir='ltr'><em>nusquam</em></span> <span class='ocrx_word' id='word_1_31' title='bbox 1166 521 1384 555; x_wconf 80' lang='lat' dir='ltr'><strong>terrarum</strong></span> <span class='ocrx_word' id='word_1_32' title='bbox 1408 522 1575 556; x_wconf 79' lang='lat' dir='ltr'><strong>tantum</strong></span> <span class='ocrx_word' id='word_1_33' title='bbox 1597 527 1676 554; x_wconf 86' lang='lat' dir='ltr'><strong>an·</strong></span> 
     </span>
     <span class='ocr_line' id='line_1_6' title="bbox 375 580 1682 640; baseline 0 -15"><span class='ocrx_word' id='word_1_34' title='bbox 375 585 519 639; x_wconf 78' lang='lat' dir='ltr'><strong>tiquae</strong></span> <span class='ocrx_word' id='word_1_35' title='bbox 543 580 804 640; x_wconf 66' lang='lat' dir='ltr'><strong>pmbitutis,</strong></span> <span class='ocrx_word' id='word_1_36' title='bbox 829 580 956 633; x_wconf 81' lang='lat' dir='ltr'><strong>fidei,</strong></span> <span class='ocrx_word' id='word_1_37' title='bbox 997 584 1219 637; x_wconf 68' lang='lat' dir='ltr'><strong>veritatis,</strong></span> <span class='ocrx_word' id='word_1_38' title='bbox 1251 594 1454 640; x_wconf 82' lang='lat' dir='ltr'><strong>quantum</strong></span> <span class='ocrx_word' id='word_1_39' title='bbox 1486 584 1582 636; x_wconf 77' lang='lat' dir='ltr'><strong>hic,</strong></span> <span class='ocrx_word' id='word_1_40' title='bbox 1615 597 1682 626; x_wconf 71' lang='lat' dir='ltr'><strong>rea·</strong></span> 
     </span>
     <span class='ocr_line' id='line_1_7' title="bbox 369 652 1679 712; baseline 0.001 -16"><span class='ocrx_word' id='word_1_41' title='bbox 369 656 511 712; x_wconf 83' lang='lat' dir='ltr'><strong>periri</strong></span> <span class='ocrx_word' id='word_1_42' title='bbox 555 652 815 697; x_wconf 85' lang='lat' dir='ltr'><strong>affirmantis.</strong></span> <span class='ocrx_word' id='word_1_43' title='bbox 890 652 995 697; x_wconf 90' lang='lat' dir='ltr'><strong>Vid.</strong></span> <span class='ocrx_word' id='word_1_44' title='bbox 1045 653 1163 707; x_wconf 84' lang='lat' dir='ltr'><strong>Epp.</strong></span> <span class='ocrx_word' id='word_1_45' title='bbox 1207 657 1257 697; x_wconf 87' lang='lat' dir='ltr'><strong>ad</strong></span> <span class='ocrx_word' id='word_1_46' title='bbox 1307 655 1464 698; x_wconf 87' lang='lat' dir='ltr'><strong>Ritter.</strong></span> <span class='ocrx_word' id='word_1_47' title='bbox 1511 654 1679 708; x_wconf 88' lang='lat' dir='ltr'><strong>Opusc.</strong></span> 
     </span>
     <span class='ocr_line' id='line_1_8' title="bbox 379 724 1679 780; baseline -0.002 -11"><span class='ocrx_word' id='word_1_48' title='bbox 379 724 443 770; x_wconf 87' lang='grc' dir='ltr'><strong>Τ.</strong></span> <span class='ocrx_word' id='word_1_49' title='bbox 471 727 529 767; x_wconf 88' lang='lat'><strong>11.</strong></span> <span class='ocrx_word' id='word_1_50' title='bbox 561 737 608 778; x_wconf 89' lang='lat' dir='ltr'><strong>p.</strong></span> <span class='ocrx_word' id='word_1_51' title='bbox 638 731 751 778; x_wconf 81' lang='lat'><strong>77&#39;3,</strong></span> <span class='ocrx_word' id='word_1_52' title='bbox 784 738 898 780; x_wconf 75' lang='lat'><strong>779,</strong></span> <span class='ocrx_word' id='word_1_53' title='bbox 932 727 1014 780; x_wconf 86' lang='lat'><strong>867</strong></span> <span class='ocrx_word' id='word_1_54' title='bbox 1041 735 1084 768; x_wconf 83' lang='lat' dir='ltr'><strong>et</strong></span> <span class='ocrx_word' id='word_1_55' title='bbox 1105 727 1203 768; x_wconf 85' lang='lat'><strong>868.</strong></span> <span class='ocrx_word' id='word_1_56' title='bbox 1234 726 1330 767; x_wconf 91' lang='lat' dir='ltr'><strong>item</strong></span> <span class='ocrx_word' id='word_1_57' title='bbox 1359 740 1405 779; x_wconf 83' lang='lat' dir='ltr'><strong>p.</strong></span> <span class='ocrx_word' id='word_1_58' title='bbox 1431 728 1543 779; x_wconf 86' lang='lat'><strong>788,</strong></span> <span class='ocrx_word' id='word_1_59' title='bbox 1575 738 1679 779; x_wconf 82' lang='lat'><strong>794,</strong></span> 
     </span>
     <span class='ocr_line' id='line_1_9' title="bbox 379 795 1681 852; baseline -0.002 -13"><span class='ocrx_word' id='word_1_60' title='bbox 379 806 481 852; x_wconf 87' lang='lat'><strong>799.</strong></span> <span class='ocrx_word' id='word_1_61' title='bbox 512 809 564 839; x_wconf 92' lang='lat' dir='ltr'><strong>ne</strong></span> <span class='ocrx_word' id='word_1_62' title='bbox 585 798 705 849; x_wconf 87' lang='lat' dir='ltr'><strong>plura</strong></span> <span class='ocrx_word' id='word_1_63' title='bbox 726 805 1037 849; x_wconf 82' lang='lat' dir='ltr'>congerantur,</span> <span class='ocrx_word' id='word_1_64' title='bbox 1069 795 1111 838; x_wconf 92' lang='lat' dir='ltr'><strong>in</strong></span> <span class='ocrx_word' id='word_1_65' title='bbox 1135 795 1220 837; x_wconf 85' lang='lat' dir='ltr'><strong>illis</strong></span> <span class='ocrx_word' id='word_1_66' title='bbox 1246 795 1296 837; x_wconf 88' lang='lat' dir='ltr'><strong>ad</strong></span> <span class='ocrx_word' id='word_1_67' title='bbox 1323 795 1532 837; x_wconf 84' lang='lat' dir='ltr'><strong>Ritterum</strong></span> <span class='ocrx_word' id='word_1_68' title='bbox 1549 824 1565 847; x_wconf 94' lang='lat'><strong>,</strong></span> <span class='ocrx_word' id='word_1_69' title='bbox 1596 796 1681 837; x_wconf 81' lang='lat' dir='ltr'><strong>Er·</strong></span> 
     </span>
     <span class='ocr_line' id='line_1_10' title="bbox 380 865 1681 922; baseline -0.005 -10"><span class='ocrx_word' id='word_1_70' title='bbox 380 877 547 913; x_wconf 84' lang='lat' dir='ltr'><strong>nestum</strong></span> <span class='ocrx_word' id='word_1_71' title='bbox 570 898 584 917; x_wconf 85' lang='lat'><strong>,</strong></span> <span class='ocrx_word' id='word_1_72' title='bbox 617 867 721 909; x_wconf 90' lang='lat' dir='ltr'><strong>alios</strong></span> <span class='ocrx_word' id='word_1_73' title='bbox 751 866 963 921; x_wconf 87' lang='lat' dir='ltr'><strong>Epistolis</strong></span> <span class='ocrx_word' id='word_1_74' title='bbox 988 868 1144 922; x_wconf 86' lang='lat' dir='ltr'><strong>passim</strong></span> <span class='ocrx_word' id='word_1_75' title='bbox 1177 866 1336 919; x_wconf 79' lang='lat' dir='ltr'><strong>ubique</strong></span> <span class='ocrx_word' id='word_1_76' title='bbox 1360 865 1503 908; x_wconf 86' lang='lat' dir='ltr'><strong>obvia.</strong></span> <span class='ocrx_word' id='word_1_77' title='bbox 1565 865 1681 920; x_wconf 82' lang='lat' dir='ltr'><strong>Quid</strong></span> 
     </span>
     <span class='ocr_line' id='line_1_11' title="bbox 381 937 1684 991; baseline -0.002 -9"><span class='ocrx_word' id='word_1_78' title='bbox 381 948 519 983; x_wconf 83' lang='lat' dir='ltr'><strong>autem</strong></span> <span class='ocrx_word' id='word_1_79' title='bbox 555 950 702 981; x_wconf 84' lang='lat' dir='ltr'><strong>causae</strong></span> <span class='ocrx_word' id='word_1_80' title='bbox 737 937 894 988; x_wconf 82' lang='lat' dir='ltr'><strong>fuerit,</strong></span> <span class='ocrx_word' id='word_1_81' title='bbox 927 938 1197 991; x_wconf 83' lang='lat' dir='ltr'><strong>quamobrem</strong></span> <span class='ocrx_word' id='word_1_82' title='bbox 1231 949 1272 979; x_wconf 86' lang='lat' dir='ltr'><strong>et</strong></span> <span class='ocrx_word' id='word_1_83' title='bbox 1311 937 1393 990; x_wconf 85' lang='lat' dir='ltr'><strong>ipsi</strong></span> <span class='ocrx_word' id='word_1_84' title='bbox 1429 937 1531 979; x_wconf 88' lang='lat' dir='ltr'><strong>adeo</strong></span> <span class='ocrx_word' id='word_1_85' title='bbox 1560 937 1684 979; x_wconf 86' lang='lat' dir='ltr'><strong>Bata-</strong></span> 
     </span>
     <span class='ocr_line' id='line_1_12' title="bbox 382 1008 1686 1062; baseline -0.001 -10"><span class='ocrx_word' id='word_1_86' title='bbox 382 1010 484 1061; x_wconf 87' lang='lat' dir='ltr'><strong>via,</strong></span> <span class='ocrx_word' id='word_1_87' title='bbox 519 1018 558 1051; x_wconf 93' lang='lat' dir='ltr'><strong>et</strong></span> <span class='ocrx_word' id='word_1_88' title='bbox 594 1009 685 1062; x_wconf 91' lang='lat' dir='ltr'><strong>ipse</strong></span> <span class='ocrx_word' id='word_1_89' title='bbox 713 1008 816 1051; x_wconf 86' lang='lat' dir='ltr'><strong>adeo</strong></span> <span class='ocrx_word' id='word_1_90' title='bbox 855 1008 1024 1051; x_wconf 87' lang='lat' dir='ltr'><strong>Batavis</strong></span> <span class='ocrx_word' id='word_1_91' title='bbox 1060 1008 1294 1062; x_wconf 83' lang='lat' dir='ltr'><strong>placuerit,</strong></span> <span class='ocrx_word' id='word_1_92' title='bbox 1336 1018 1503 1051; x_wconf 85' lang='lat' dir='ltr'><strong>constat</strong></span> <span class='ocrx_word' id='word_1_93' title='bbox 1538 1022 1586 1050; x_wconf 86' lang='lat' dir='ltr'><strong>ex</strong></span> <span class='ocrx_word' id='word_1_94' title='bbox 1611 1022 1686 1052; x_wconf 84' lang='lat' dir='ltr'><strong>na-</strong></span> 
     </span>
     <span class='ocr_line' id='line_1_13' title="bbox 383 1077 1684 1134; baseline 0 -12"><span class='ocrx_word' id='word_1_95' title='bbox 383 1080 510 1123; x_wconf 80' lang='lat' dir='ltr'><strong>turali</strong></span> <span class='ocrx_word' id='word_1_96' title='bbox 549 1080 618 1122; x_wconf 84' lang='lat' dir='ltr'><strong>illa</strong></span> <span class='ocrx_word' id='word_1_97' title='bbox 653 1079 810 1134; x_wconf 86' lang='lat' dir='ltr'><strong>ingenii</strong></span> <span class='ocrx_word' id='word_1_98' title='bbox 837 1088 1087 1130; x_wconf 86' lang='lat' dir='ltr'><strong>morumque</strong></span> <span class='ocrx_word' id='word_1_99' title='bbox 1123 1077 1353 1131; x_wconf 84' lang='lat' dir='ltr'><strong>facilitate,</strong></span> <span class='ocrx_word' id='word_1_100' title='bbox 1385 1082 1467 1132; x_wconf 68' lang='lat' dir='ltr'><strong>qua</strong></span> <span class='ocrx_word' id='word_1_101' title='bbox 1489 1111 1503 1132; x_wconf 91' lang='lat'><em>‚</em></span> <span class='ocrx_word' id='word_1_102' title='bbox 1539 1092 1584 1122; x_wconf 89' lang='lat' dir='ltr'><strong>ut</strong></span> <span class='ocrx_word' id='word_1_103' title='bbox 1615 1095 1684 1123; x_wconf 89' lang='lat' dir='ltr'><strong>su·</strong></span> 
     </span>
     <span class='ocr_line' id='line_1_14' title="bbox 393 1147 1681 1205; baseline 0.001 -13"><span class='ocrx_word' id='word_1_104' title='bbox 393 1164 468 1205; x_wconf 84' lang='lat' dir='ltr'><strong>pra</strong></span> <span class='ocrx_word' id='word_1_105' title='bbox 493 1151 671 1205; x_wconf 82' lang='lat' dir='ltr'><strong>legimus</strong></span> <span class='ocrx_word' id='word_1_106' title='bbox 695 1165 740 1204; x_wconf 93' lang='lat' dir='ltr'><strong>p.</strong></span> <span class='ocrx_word' id='word_1_107' title='bbox 772 1164 826 1204; x_wconf 81' lang='lat'><strong>29</strong></span> <span class='ocrx_word' id='word_1_108' title='bbox 844 1181 858 1201; x_wconf 91' lang='lat'><strong>,</strong></span> <span class='ocrx_word' id='word_1_109' title='bbox 890 1149 979 1192; x_wconf 88' lang='lat' dir='ltr'><strong>fere</strong></span> <span class='ocrx_word' id='word_1_110' title='bbox 1002 1147 1210 1200; x_wconf 74' lang='lat' dir='ltr'>Pamphili</span> <span class='ocrx_word' id='word_1_111' title='bbox 1233 1148 1476 1193; x_wconf 87' lang='lat' dir='ltr'><strong>Terentiani</strong></span> <span class='ocrx_word' id='word_1_112' title='bbox 1503 1151 1681 1204; x_wconf 83' lang='lat' dir='ltr'><strong>similis,</strong></span> 
     </span>
     <span class='ocr_line' id='line_1_15' title="bbox 378 1217 1685 1277; baseline 0.001 -15"><span class='ocrx_word' id='word_1_113' title='bbox 378 1221 516 1276; x_wconf 76' lang='lat' dir='ltr'><strong>facile</strong></span> <span class='ocrx_word' id='word_1_114' title='bbox 542 1231 673 1263; x_wconf 82' lang='lat' dir='ltr'><strong>onmes</strong></span> <span class='ocrx_word' id='word_1_115' title='bbox 692 1219 889 1277; x_wconf 78' lang='lat' dir='ltr'><strong>perferre</strong></span> <span class='ocrx_word' id='word_1_116' title='bbox 921 1234 971 1261; x_wconf 83' lang='lat' dir='ltr'><strong>uc</strong></span> <span class='ocrx_word' id='word_1_117' title='bbox 999 1219 1096 1274; x_wconf 75' lang='lat' dir='ltr'><strong>pati</strong></span> <span class='ocrx_word' id='word_1_118' title='bbox 1134 1228 1311 1270; x_wconf 81' lang='lat' dir='ltr'><strong>poterat.</strong></span> <span class='ocrx_word' id='word_1_119' title='bbox 1373 1217 1493 1274; x_wconf 81' lang='lat' dir='ltr'><strong>Quae</strong></span> <span class='ocrx_word' id='word_1_120' title='bbox 1519 1221 1685 1274; x_wconf 85' lang='lat' dir='ltr'><strong>quidem</strong></span> 
     </span>
     <span class='ocr_line' id='line_1_16' title="bbox 388 1290 1685 1346; baseline 0.001 -13"><span class='ocrx_word' id='word_1_121' title='bbox 388 1292 471 1346; x_wconf 89' lang='lat' dir='ltr'><strong>ipsi</strong></span> <span class='ocrx_word' id='word_1_122' title='bbox 507 1291 679 1345; x_wconf 87' lang='lat' dir='ltr'><strong>propria</strong></span> <span class='ocrx_word' id='word_1_123' title='bbox 718 1300 887 1333; x_wconf 88' lang='lat' dir='ltr'><strong>naturae</strong></span> <span class='ocrx_word' id='word_1_124' title='bbox 921 1290 998 1331; x_wconf 88' lang='lat' dir='ltr'><strong>dos</strong></span> <span class='ocrx_word' id='word_1_125' title='bbox 1017 1321 1029 1337; x_wconf 92' lang='lat'>‚</span> <span class='ocrx_word' id='word_1_126' title='bbox 1066 1290 1294 1343; x_wconf 86' lang='lat' dir='ltr'><strong>conjuncta</strong></span> <span class='ocrx_word' id='word_1_127' title='bbox 1317 1303 1412 1332; x_wconf 88' lang='lat' dir='ltr'><strong>cum</strong></span> <span class='ocrx_word' id='word_1_128' title='bbox 1436 1292 1607 1344; x_wconf 84' lang='lat' dir='ltr'><strong>quadam</strong></span> <span class='ocrx_word' id='word_1_129' title='bbox 1634 1291 1685 1334; x_wconf 90' lang='lat' dir='ltr'><strong>ab</strong></span> 
     </span>
     <span class='ocr_line' id='line_1_17' title="bbox 389 1360 1691 1415; baseline -0.001 -11"><span class='ocrx_word' id='word_1_130' title='bbox 389 1372 563 1405; x_wconf 87' lang='lat' dir='ltr'><strong>externo</strong></span> <span class='ocrx_word' id='word_1_131' title='bbox 601 1360 793 1414; x_wconf 85' lang='lat' dir='ltr'><strong>corporis</strong></span> <span class='ocrx_word' id='word_1_132' title='bbox 830 1360 975 1401; x_wconf 86' lang='lat' dir='ltr'><strong>habitu</strong></span> <span class='ocrx_word' id='word_1_133' title='bbox 1019 1360 1411 1412; x_wconf 86' lang='lat' dir='ltr'><strong>commendatione,</strong></span> <span class='ocrx_word' id='word_1_134' title='bbox 1458 1363 1572 1403; x_wconf 89' lang='lat' dir='ltr'><strong>ultro</strong></span> <span class='ocrx_word' id='word_1_135' title='bbox 1607 1362 1691 1415; x_wconf 87' lang='lat' dir='ltr'><strong>ipsi</strong></span> 
     </span>
     <span class='ocr_line' id='line_1_18' title="bbox 391 1430 1694 1483; baseline 0 -8"><span class='ocrx_word' id='word_1_136' title='bbox 391 1433 578 1476; x_wconf 78' lang='lat' dir='ltr'><strong>omnium</strong></span> <span class='ocrx_word' id='word_1_137' title='bbox 609 1431 859 1474; x_wconf 82' lang='lat' dir='ltr'><strong>conciliabat</strong></span> <span class='ocrx_word' id='word_1_138' title='bbox 876 1430 1094 1472; x_wconf 81' lang='lat' dir='ltr'><strong>favorem:</strong></span> <span class='ocrx_word' id='word_1_139' title='bbox 1128 1440 1375 1483; x_wconf 86' lang='lat' dir='ltr'><strong>tantumque</strong></span> <span class='ocrx_word' id='word_1_140' title='bbox 1404 1432 1521 1474; x_wconf 85' lang='lat' dir='ltr'><strong>abest</strong></span> <span class='ocrx_word' id='word_1_141' title='bbox 1544 1443 1591 1474; x_wconf 92' lang='lat' dir='ltr'><strong>ut</strong></span> <span class='ocrx_word' id='word_1_142' title='bbox 1618 1433 1694 1475; x_wconf 86' lang='lat' dir='ltr'><strong>vili</strong></span> 
     </span>
     <span class='ocr_line' id='line_1_19' title="bbox 390 1500 1693 1557; baseline -0.002 -11"><span class='ocrx_word' id='word_1_143' title='bbox 390 1501 585 1546; x_wconf 84' lang='lat' dir='ltr'><strong>adulandi</strong></span> <span class='ocrx_word' id='word_1_144' title='bbox 607 1501 748 1543; x_wconf 88' lang='lat' dir='ltr'><strong>studio</strong></span> <span class='ocrx_word' id='word_1_145' title='bbox 771 1501 1044 1543; x_wconf 82' lang='lat' dir='ltr'><strong>adscribenda</strong></span> <span class='ocrx_word' id='word_1_146' title='bbox 1071 1500 1127 1542; x_wconf 87' lang='lat' dir='ltr'><strong>sit</strong></span> <span class='ocrx_word' id='word_1_147' title='bbox 1145 1532 1159 1553; x_wconf 95' lang='lat'><strong>,</strong></span> <span class='ocrx_word' id='word_1_148' title='bbox 1191 1515 1214 1543; x_wconf 86' lang='lat' dir='ltr'><strong>a</strong></span> <span class='ocrx_word' id='word_1_149' title='bbox 1243 1514 1329 1554; x_wconf 86' lang='lat' dir='ltr'><strong>quo</strong></span> <span class='ocrx_word' id='word_1_150' title='bbox 1356 1502 1416 1544; x_wconf 86' lang='lat' dir='ltr'><strong>nil</strong></span> <span class='ocrx_word' id='word_1_151' title='bbox 1441 1503 1571 1557; x_wconf 84' lang='lat' dir='ltr'><strong>magis</strong></span> <span class='ocrx_word' id='word_1_152' title='bbox 1594 1507 1693 1546; x_wconf 82' lang='lat' dir='ltr'><strong>alie-</strong></span> 
     </span>
     <span class='ocr_line' id='line_1_20' title="bbox 392 1573 1693 1626; baseline -0.004 -7"><span class='ocrx_word' id='word_1_153' title='bbox 392 1587 492 1619; x_wconf 83' lang='lat' dir='ltr'><strong>num</strong></span> <span class='ocrx_word' id='word_1_154' title='bbox 517 1573 599 1615; x_wconf 83' lang='lat' dir='ltr'><strong>fuit</strong></span> <span class='ocrx_word' id='word_1_155' title='bbox 637 1585 758 1626; x_wconf 84' lang='lat' dir='ltr'><strong>quam</strong></span> <span class='ocrx_word' id='word_1_156' title='bbox 794 1575 984 1614; x_wconf 80' lang='lat' dir='ltr'><strong>excelsus</strong></span> <span class='ocrx_word' id='word_1_157' title='bbox 1009 1581 1049 1613; x_wconf 92' lang='lat' dir='ltr'><strong>et</strong></span> <span class='ocrx_word' id='word_1_158' title='bbox 1072 1584 1302 1625; x_wconf 83' lang='lat' dir='ltr'><strong>generosus</strong></span> <span class='ocrx_word' id='word_1_159' title='bbox 1331 1573 1576 1617; x_wconf 82' lang='lat' dir='ltr'><strong>Ruhnkenii</strong></span> <span class='ocrx_word' id='word_1_160' title='bbox 1603 1575 1693 1617; x_wconf 83' lang='lat' dir='ltr'><strong>ani.</strong></span> 
     </span>
     <span class='ocr_line' id='line_1_21' title="bbox 393 1642 1698 1699; baseline -0.002 -10"><span class='ocrx_word' id='word_1_161' title='bbox 393 1659 519 1699; x_wconf 87' lang='lat' dir='ltr'><strong>mus,</strong></span> <span class='ocrx_word' id='word_1_162' title='bbox 543 1644 651 1688; x_wconf 87' lang='lat' dir='ltr'><strong>infra</strong></span> <span class='ocrx_word' id='word_1_163' title='bbox 677 1657 722 1698; x_wconf 87' lang='lat' dir='ltr'><strong>p.</strong></span> <span class='ocrx_word' id='word_1_164' title='bbox 743 1657 822 1698; x_wconf 82' lang='lat'><strong>241</strong></span> <span class='ocrx_word' id='word_1_165' title='bbox 855 1656 955 1696; x_wconf 88' lang='lat' dir='ltr'><strong>sqq.</strong></span> <span class='ocrx_word' id='word_1_166' title='bbox 979 1642 1278 1697; x_wconf 83' lang='lat' dir='ltr'><strong>adumbratus;</strong></span> <span class='ocrx_word' id='word_1_167' title='bbox 1315 1653 1362 1686; x_wconf 91' lang='lat' dir='ltr'><strong>ut</strong></span> <span class='ocrx_word' id='word_1_168' title='bbox 1384 1644 1420 1686; x_wconf 91' lang='lat' dir='ltr'><strong>ei</strong></span> <span class='ocrx_word' id='word_1_169' title='bbox 1438 1655 1585 1687; x_wconf 90' lang='lat' dir='ltr'><strong>contra</strong></span> <span class='ocrx_word' id='word_1_170' title='bbox 1609 1647 1698 1688; x_wconf 89' lang='lat' dir='ltr'><strong>lau·</strong></span> 
     </span>
     <span class='ocr_line' id='line_1_22' title="bbox 395 1714 1695 1773; baseline -0.002 -12"><span class='ocrx_word' id='word_1_171' title='bbox 395 1720 439 1761; x_wconf 89' lang='lat' dir='ltr'><strong>di</strong></span> <span class='ocrx_word' id='word_1_172' title='bbox 483 1718 627 1773; x_wconf 86' lang='lat' dir='ltr'><strong>potius</strong></span> <span class='ocrx_word' id='word_1_173' title='bbox 662 1731 707 1760; x_wconf 88' lang='lat' dir='ltr'><strong>ac</strong></span> <span class='ocrx_word' id='word_1_174' title='bbox 740 1715 883 1758; x_wconf 88' lang='lat' dir='ltr'><strong>decori</strong></span> <span class='ocrx_word' id='word_1_175' title='bbox 906 1714 1097 1757; x_wconf 85' lang='lat' dir='ltr'><strong>videatur</strong></span> <span class='ocrx_word' id='word_1_176' title='bbox 1134 1718 1458 1760; x_wconf 84' lang='lat' dir='ltr'><strong>annumeranda.</strong></span> <span class='ocrx_word' id='word_1_177' title='bbox 1519 1716 1614 1773; x_wconf 88' lang='lat' dir='ltr'><strong>Qua</strong></span> <span class='ocrx_word' id='word_1_178' title='bbox 1644 1717 1695 1759; x_wconf 86' lang='lat' dir='ltr'><strong>de</strong></span> 
     </span>
     <span class='ocr_line' id='line_1_23' title="bbox 397 1786 1699 1843; baseline -0.003 -11"><span class='ocrx_word' id='word_1_179' title='bbox 397 1802 476 1843; x_wconf 81' lang='lat' dir='ltr'><strong>re,</strong></span> <span class='ocrx_word' id='word_1_180' title='bbox 509 1790 709 1832; x_wconf 84' lang='lat' dir='ltr'><strong>adversus</strong></span> <span class='ocrx_word' id='word_1_181' title='bbox 746 1788 873 1831; x_wconf 84' lang='lat' dir='ltr'><strong>falsas</strong></span> <span class='ocrx_word' id='word_1_182' title='bbox 902 1786 1207 1827; x_wconf 83' lang='lat' dir='ltr'><strong>nonnullorum</strong></span> <span class='ocrx_word' id='word_1_183' title='bbox 1234 1786 1534 1840; x_wconf 86' lang='lat' dir='ltr'><strong>suspiciones,</strong></span> <span class='ocrx_word' id='word_1_184' title='bbox 1565 1786 1699 1829; x_wconf 89' lang='lat' dir='ltr'><strong>veris-</strong></span> 
     </span>
     <span class='ocr_line' id='line_1_24' title="bbox 398 1857 1694 1912; baseline -0.001 -11"><span class='ocrx_word' id='word_1_185' title='bbox 398 1860 502 1902; x_wconf 84' lang='lat' dir='ltr'><strong>sime</strong></span> <span class='ocrx_word' id='word_1_186' title='bbox 536 1859 729 1909; x_wconf 87' lang='lat' dir='ltr'><strong>monuit,</strong></span> <span class='ocrx_word' id='word_1_187' title='bbox 763 1858 835 1912; x_wconf 84' lang='lat' dir='ltr'><strong>qui</strong></span> <span class='ocrx_word' id='word_1_188' title='bbox 868 1858 1003 1899; x_wconf 83' lang='lat' dir='ltr'><strong>vivam</strong></span> <span class='ocrx_word' id='word_1_189' title='bbox 1038 1857 1171 1898; x_wconf 84' lang='lat' dir='ltr'><strong>adhuc</strong></span> <span class='ocrx_word' id='word_1_190' title='bbox 1194 1857 1438 1900; x_wconf 87' lang='lat' dir='ltr'><strong>Ruhnkenii</strong></span> <span class='ocrx_word' id='word_1_191' title='bbox 1473 1859 1694 1912; x_wconf 85' lang='lat' dir='ltr'><strong>imaginem</strong></span> 
     </span>
     <span class='ocr_line' id='line_1_25' title="bbox 398 1929 1705 1984; baseline -0.003 -11"><span class='ocrx_word' id='word_1_192' title='bbox 398 1931 513 1974; x_wconf 86' lang='lat' dir='ltr'><strong>fideli</strong></span> <span class='ocrx_word' id='word_1_193' title='bbox 537 1930 758 1973; x_wconf 77' lang='lat' dir='ltr'><strong>memoriae</strong></span> <span class='ocrx_word' id='word_1_194' title='bbox 784 1930 1030 1984; x_wconf 84' lang='lat' dir='ltr'><strong>impressam</strong></span> <span class='ocrx_word' id='word_1_195' title='bbox 1055 1939 1192 1970; x_wconf 89' lang='lat' dir='ltr'><strong>servat</strong></span> <span class='ocrx_word' id='word_1_196' title='bbox 1209 1959 1223 1980; x_wconf 91' lang='lat'><strong>,</strong></span> <span class='ocrx_word' id='word_1_197' title='bbox 1255 1929 1516 1972; x_wconf 86' lang='lat' dir='ltr'><strong>venerandus</strong></span> <span class='ocrx_word' id='word_1_198' title='bbox 1542 1938 1581 1969; x_wconf 88' lang='lat' dir='ltr'><strong>et</strong></span> <span class='ocrx_word' id='word_1_199' title='bbox 1609 1939 1705 1969; x_wconf 87' lang='lat' dir='ltr'><strong>eru-</strong></span> 
     </span>
     <span class='ocr_line' id='line_1_26' title="bbox 399 1998 1701 2052; baseline -0.004 -8"><span class='ocrx_word' id='word_1_200' title='bbox 399 2001 513 2044; x_wconf 82' lang='lat' dir='ltr'><strong>ditus</strong></span> <span class='ocrx_word' id='word_1_201' title='bbox 559 2014 685 2043; x_wconf 81' lang='lat' dir='ltr'><strong>senex</strong></span> <span class='ocrx_word' id='word_1_202' title='bbox 714 2032 728 2052; x_wconf 91' lang='lat'><strong>,</strong></span> <span class='ocrx_word' id='word_1_203' title='bbox 770 2001 965 2052; x_wconf 85' lang='lat' dir='ltr'><strong>idemque</strong></span> <span class='ocrx_word' id='word_1_204' title='bbox 1003 1999 1451 2041; x_wconf 81' lang='lat' dir='ltr'><strong>Valckenaerianorum</strong></span> <span class='ocrx_word' id='word_1_205' title='bbox 1499 1998 1701 2051; x_wconf 88' lang='lat' dir='ltr'><strong>ultimus,</strong></span> 
     </span>
     <span class='ocr_line' id='line_1_27' title="bbox 402 2069 1702 2125; baseline -0.005 -8"><span class='ocrx_word' id='word_1_206' title='bbox 402 2074 488 2117; x_wconf 91' lang='lat' dir='ltr'><strong>Ev.</strong></span> <span class='ocrx_word' id='word_1_207' title='bbox 529 2070 915 2125; x_wconf 61' lang='lat' dir='ltr'><strong>W&#39;assenberghius</strong></span> <span class='ocrx_word' id='word_1_208' title='bbox 949 2070 993 2112; x_wconf 91' lang='lat' dir='ltr'><strong>in</strong></span> <span class='ocrx_word' id='word_1_209' title='bbox 1031 2069 1142 2111; x_wconf 88' lang='lat' dir='ltr'><strong>libro</strong></span> <span class='ocrx_word' id='word_1_210' title='bbox 1176 2072 1436 2122; x_wconf 85' lang='lat' dir='ltr'><strong>vernaculo,</strong></span> <span class='ocrx_word' id='word_1_211' title='bbox 1469 2080 1510 2112; x_wconf 87' lang='lat' dir='ltr'><strong>at</strong></span> <span class='ocrx_word' id='word_1_212' title='bbox 1531 2079 1702 2112; x_wconf 85' lang='lat' dir='ltr'><strong>vetusto</strong></span> 
     </span>
     <span class='ocr_line' id='line_1_28' title="bbox 403 2139 1703 2197; baseline -0.003 -10"><span class='ocrx_word' id='word_1_213' title='bbox 403 2144 712 2197; x_wconf 76' lang='lat' dir='ltr'><strong>Mnemosyncs</strong></span> <span class='ocrx_word' id='word_1_214' title='bbox 739 2142 899 2186; x_wconf 90' lang='lat' dir='ltr'><strong>nomini</strong></span> <span class='ocrx_word' id='word_1_215' title='bbox 928 2139 1135 2194; x_wconf 89' lang='lat' dir='ltr'><strong>inscripto</strong></span> <span class='ocrx_word' id='word_1_216' title='bbox 1152 2171 1166 2193; x_wconf 94' lang='lat'><strong>,</strong></span> <span class='ocrx_word' id='word_1_217' title='bbox 1198 2140 1303 2183; x_wconf 92' lang='lat' dir='ltr'><strong>Vol.</strong></span> <span class='ocrx_word' id='word_1_218' title='bbox 1328 2142 1450 2184; x_wconf 89' lang='lat' dir='ltr'><strong>VIII.</strong></span> <span class='ocrx_word' id='word_1_219' title='bbox 1484 2154 1581 2196; x_wconf 87' lang='lat' dir='ltr'><strong>pag.</strong></span> <span class='ocrx_word' id='word_1_220' title='bbox 1605 2144 1703 2195; x_wconf 79' lang='lat'><strong>318.</strong></span> 
     </span>
     <span class='ocr_line' id='line_1_29' title="bbox 461 2210 1706 2269; baseline -0.004 -12"><span class='ocrx_word' id='word_1_221' title='bbox 461 2215 564 2269; x_wconf 84' lang='lat' dir='ltr'><strong>Pag.</strong></span> <span class='ocrx_word' id='word_1_222' title='bbox 597 2215 670 2267; x_wconf 87' lang='lat'><strong>63.</strong></span> <span class='ocrx_word' id='word_1_223' title='bbox 729 2214 1025 2256; x_wconf 81' lang='lat' dir='ltr'><strong>Luculentiore</strong></span> <span class='ocrx_word' id='word_1_224' title='bbox 1049 2210 1224 2265; x_wconf 84' lang='lat' dir='ltr'><strong>reditu]</strong></span> <span class='ocrx_word' id='word_1_225' title='bbox 1258 2211 1288 2253; x_wconf 92' lang='lat' dir='ltr'><strong>i.</strong></span> <span class='ocrx_word' id='word_1_226' title='bbox 1319 2225 1357 2254; x_wconf 89' lang='lat' dir='ltr'><strong>e.</strong></span> <span class='ocrx_word' id='word_1_227' title='bbox 1381 2212 1588 2264; x_wconf 83' lang='lat' dir='ltr'><strong>lautiore,</strong></span> <span class='ocrx_word' id='word_1_228' title='bbox 1622 2224 1706 2253; x_wconf 89' lang='lat' dir='ltr'><strong>am-</strong></span> 
     </span>
     <span class='ocr_line' id='line_1_30' title="bbox 407 2282 1705 2340; baseline -0.003 -13"><span class='ocrx_word' id='word_1_229' title='bbox 407 2285 559 2340; x_wconf 89' lang='lat' dir='ltr'><strong>pliore.</strong></span> <span class='ocrx_word' id='word_1_230' title='bbox 601 2284 670 2326; x_wconf 87' lang='lat' dir='ltr'><strong>Sic</strong></span> <span class='ocrx_word' id='word_1_231' title='bbox 693 2285 801 2328; x_wconf 81' lang='lat' dir='ltr'><strong>infra</strong></span> <span class='ocrx_word' id='word_1_232' title='bbox 829 2298 874 2338; x_wconf 83' lang='lat' dir='ltr'><strong>p.</strong></span> <span class='ocrx_word' id='word_1_233' title='bbox 905 2285 1002 2335; x_wconf 83' lang='lat'><strong>185.</strong></span> <span class='ocrx_word' id='word_1_234' title='bbox 1030 2282 1242 2323; x_wconf 78' lang='lat' dir='ltr'><strong>luculenta</strong></span> <span class='ocrx_word' id='word_1_235' title='bbox 1265 2292 1447 2338; x_wconf 82' lang='lat' dir='ltr'><strong>captura</strong></span> <span class='ocrx_word' id='word_1_236' title='bbox 1464 2312 1480 2334; x_wconf 90' lang='lat'><strong>,</strong></span> <span class='ocrx_word' id='word_1_237' title='bbox 1512 2283 1542 2326; x_wconf 93' lang='lat' dir='ltr'><strong>i.</strong></span> <span class='ocrx_word' id='word_1_238' title='bbox 1570 2296 1610 2327; x_wconf 84' lang='lat' dir='ltr'><strong>e.</strong></span> <span class='ocrx_word' id='word_1_239' title='bbox 1631 2295 1705 2324; x_wconf 90' lang='lat' dir='ltr'><strong>co·</strong></span> 
     </span>
     <span class='ocr_line' id='line_1_31' title="bbox 409 2353 1706 2410; baseline -0.002 -13"><span class='ocrx_word' id='word_1_240' title='bbox 409 2357 550 2410; x_wconf 90' lang='lat' dir='ltr'><strong>piosa.</strong></span> <span class='ocrx_word' id='word_1_241' title='bbox 609 2355 888 2399; x_wconf 84' lang='lat' dir='ltr'><strong>Lindemanni</strong></span> <span class='ocrx_word' id='word_1_242' title='bbox 921 2353 1153 2396; x_wconf 81' lang='lat' dir='ltr'><strong>admonitio</strong></span> <span class='ocrx_word' id='word_1_243' title='bbox 1181 2353 1331 2396; x_wconf 89' lang='lat' dir='ltr'><strong>nititur</strong></span> <span class='ocrx_word' id='word_1_244' title='bbox 1362 2353 1617 2408; x_wconf 87' lang='lat' dir='ltr'><strong>scriptorum</strong></span> <span class='ocrx_word' id='word_1_245' title='bbox 1642 2355 1706 2395; x_wconf 90' lang='lat' dir='ltr'><strong>lo-</strong></span> 
     </span>
    </p>

    <p class='ocr_par' dir='ltr' id='par_1_3' title="bbox 406 2425 1717 2676">
     <span class='ocr_line' id='line_1_32' title="bbox 406 2425 989 2470; baseline -0.003 0"><span class='ocrx_word' id='word_1_246' title='bbox 406 2428 467 2470; x_wconf 89' lang='lat' dir='ltr'><strong>cis</strong></span> <span class='ocrx_word' id='word_1_247' title='bbox 493 2441 515 2470; x_wconf 87' lang='lat' dir='ltr'><strong>a</strong></span> <span class='ocrx_word' id='word_1_248' title='bbox 535 2428 775 2470; x_wconf 86' lang='lat' dir='ltr'><strong>Facciolato</strong></span> <span class='ocrx_word' id='word_1_249' title='bbox 796 2425 989 2468; x_wconf 81' lang='lat' dir='ltr'><strong>laudatis.</strong></span> 
     </span>
     <span class='ocr_line' id='line_1_33' title="bbox 467 2494 1708 2552; baseline -0.003 -11"><span class='ocrx_word' id='word_1_250' title='bbox 467 2499 578 2541; x_wconf 86' lang='lat' dir='ltr'><strong>lbid.</strong></span> <span class='ocrx_word' id='word_1_251' title='bbox 637 2499 724 2541; x_wconf 82' lang='lat' dir='ltr'><strong>Sua</strong></span> <span class='ocrx_word' id='word_1_252' title='bbox 761 2496 839 2540; x_wconf 84' lang='lat' dir='ltr'><strong>sibi</strong></span> <span class='ocrx_word' id='word_1_253' title='bbox 870 2521 925 2531; x_wconf 95' lang='lat'><strong>—</strong></span> <span class='ocrx_word' id='word_1_254' title='bbox 954 2495 1132 2552; x_wconf 82' lang='lat' dir='ltr'><strong>studia]</strong></span> <span class='ocrx_word' id='word_1_255' title='bbox 1192 2496 1235 2538; x_wconf 91' lang='lat' dir='ltr'><strong>id</strong></span> <span class='ocrx_word' id='word_1_256' title='bbox 1270 2505 1335 2538; x_wconf 89' lang='lat' dir='ltr'><strong>est</strong></span> <span class='ocrx_word' id='word_1_257' title='bbox 1363 2524 1379 2547; x_wconf 92' lang='lat'><strong>,</strong></span> <span class='ocrx_word' id='word_1_258' title='bbox 1435 2507 1510 2537; x_wconf 85' lang='lat' dir='ltr'><strong>sua</strong></span> <span class='ocrx_word' id='word_1_259' title='bbox 1548 2494 1708 2548; x_wconf 81' lang='lat' dir='ltr'><strong>privata</strong></span> 
     </span>
     <span class='ocr_line' id='line_1_34' title="bbox 415 2565 1709 2624; baseline -0.002 -15"><span class='ocrx_word' id='word_1_260' title='bbox 415 2568 569 2611; x_wconf 82' lang='lat' dir='ltr'><strong>studia.</strong></span> <span class='ocrx_word' id='word_1_261' title='bbox 642 2567 904 2624; x_wconf 85' lang='lat' dir='ltr'><strong>Elegantiam</strong></span> <span class='ocrx_word' id='word_1_262' title='bbox 975 2568 1078 2612; x_wconf 85' lang='lat' dir='ltr'><strong>dicti</strong></span> <span class='ocrx_word' id='word_1_263' title='bbox 1140 2567 1298 2611; x_wconf 80' lang='lat' dir='ltr'><strong>tirones</strong></span> <span class='ocrx_word' id='word_1_264' title='bbox 1339 2565 1663 2610; x_wconf 83' lang='lat' dir='ltr'><strong>animadvertant</strong></span> <span class='ocrx_word' id='word_1_265' title='bbox 1691 2594 1709 2618; x_wconf 87' lang='lat'><em>‚</em></span> 
     </span>
     <span class='ocr_line' id='line_1_35' title="bbox 1676 2644 1717 2676; baseline 0.024 -1"><span class='ocrx_word' id='word_1_266' title='bbox 1676 2644 1717 2676; x_wconf 89' lang='lat' dir='ltr'><strong>et</strong></span> 
     </span>
    </p>
   </div>
  </div>
 </body>
</html>
