1879 3160
325 194 604 241 VITAM
667 189 1191 236 RUIINKENII.
1332 204 1416 251 ⁴133

109 331 250 363 eorum
272 318 345 371 qui
363 318 584 360 historiam
603 328 695 359 sese
709 321 978 374 pragmatica
995 326 1171 362 tractare
1193 306 1413 372 professi,

103 400 175 433 aut
201 387 394 431 Boecleri
421 388 685 439 aliorumque
724 390 919 440 exemplo
938 419 952 438 .,
983 389 1217 432 historIcos
1249 402 1413 432 veteres

104 460 295 515 politicis
319 458 759 503 animadversionibus
791 469 1045 512 onerarent;
1085 470 1158 501 aut
1183 473 1299 503 suam
1331 461 1415 515 ipsi

102 532 268 574 civilem
302 528 568 585 prudentiam
604 530 841 582 jactarent,
883 528 1058 581 Geigeri
1096 527 1212 571 illius
1254 530 1414 581 instar,

101 604 152 645 de
178 617 265 657 quo
292 601 474 644 festivus
502 609 567 642 est
591 599 798 642 Mahnius
822 598 865 640 in
891 597 984 642 Vit.
1012 599 1246 652 W'yttenb.
1280 614 1324 654 p.
1344 615 1413 656 34.

100 674 253 728 Longe
286 674 387 715 item
420 670 692 714 anteferenda
730 670 798 721 ei,
839 667 884 711 in
913 682 1029 723 qua,
1062 671 1190 713 missa
1222 671 1416 727 Scripto-

101 758 191 787 rum
217 745 500 796 auctoritate,
535 753 576 785 et
603 742 692 785 veri
719 738 1021 793 disquisitione
1046 741 1205 783 Critica
1222 772 1237 794 ,
1270 744 1419 786 hodie·

106 829 188 869 que
218 825 442 868 tantopere
477 815 560 858 sibi
585 816 752 868 placent
781 809 874 861 illi,
910 809 984 862 qui
1009 812 1056 850 in
1079 810 1257 854 historia
1279 817 1418 870 philo·

102 887 356 943 sophandum
382 900 476 930 esse
500 889 680 929 clamant
696 913 712 936 ‚
744 893 883 923 rerum
909 892 1056 922 causas
1091 892 1132 924 et
1161 895 1309 926 eventa
1334 899 1418 929 ma-

103 959 167 1012 gis
199 973 321 1012 quam
348 973 414 1001 res
442 957 556 1010 ipsas
592 963 821 997 sectanteS.
883 951 1047 995 Contra
1086 965 1195 1005 quos
1235 957 1419 1009 graviter

102 1032 270 1074 monuit
283 1024 675 1085 Wyztenbachius:
713 1024 888 1076 „Nunc
912 1025 1077 1075 sunt‚”
1102 1025 1271 1079 inquit,
1301 1030 1417 1083 „qui

106 1132 133 1153 „
165 1102 207 1144 in
246 1101 424 1144 historia
462 1095 684 1138 scribenda
715 1095 776 1137 nil
808 1095 891 1137 nisi
928 1096 1136 1139 disserant
1169 1110 1217 1140 ac
1249 1101 1420 1143 ratioci-

104 1201 132 1223 ,‚
160 1181 347 1222 nentur,
389 1179 432 1211 et
470 1179 610 1209 rerum
648 1176 859 1220 gestarum
905 1167 1183 1221 ignorantiam
1224 1172 1424 1225 philoso-

107 1271 134 1294 ‚,
164 1240 334 1294 phando
355 1239 642 1281 dissimulent.
697 1236 819 1293 Quin
845 1240 1092 1292 quotidiana
1114 1241 1157 1284 in
1183 1242 1292 1285 vitae
1315 1255 1420 1287 con-

107 1342 135 1365 „
165 1310 389 1354 suetudine
423 1322 549 1362 saepe
579 1309 708 1352 nobis
741 1323 824 1352 usu
858 1312 1004 1360 venit,
1036 1321 1082 1354 ut
1118 1314 1420 1364 quaerentibus

107 1413 136 1437 „
164 1383 317 1436 ecquid
358 1381 532 1436 publice
580 1381 686 1424 novi
735 1382 967 1435 acciderit,
1010 1383 1071 1426 nil
1106 1395 1307 1438 narrent,
1346 1386 1420 1429 sed

108 1486 136 1508 ‚‚
166 1469 246 1498 sua
267 1456 318 1496 de
342 1455 472 1496 rebus
496 1452 611 1494 notis
633 1452 791 1505 judicia
815 1463 1082 1507 expromant.
1137 1454 1308 1509 Quibus
1335 1471 1424 1499 me-

109 1558 135 1579 „
165 1528 250 1569 rito
273 1536 558 1579 reponamus:
593 1523 659 1564 Da
685 1523 787 1565 mihi
821 1537 886 1567 res
918 1534 1057 1578 gestas
1082 1535 1124 1568 et
1150 1525 1291 1581 facta3
1326 1529 1422 1584 ipse

108 1627 137 1650 „
167 1596 302 1639 habeo
331 1595 535 1650 judicium
555 1622 573 1647 ‚
608 1607 694 1646 quo
725 1606 775 1636 ex
802 1594 868 1637 his
900 1609 1120 1639 causarum
1148 1608 1420 1642 eventorum-

108 1699 135 1719 „
167 1680 250 1720 que
279 1666 567 1721 cognitionem
598 1666 849 1718 colligam.'’
911 1668 1015 1711 Vid.
1054 1669 1147 1710 Vit.
1185 1670 1420 1724 WVyttenb.

103 1742 136 1782 1.
171 1751 214 1782 c.
274 1738 375 1793 Quo
412 1736 544 1792 magis
584 1737 810 1780 videndum
855 1747 947 1790 est,
986 1752 1040 1781 ne
1076 1742 1319 1798 philosopha
1350 1743 1422 1785 illa

102 1823 323 1852 causarum
366 1819 681 1862 eventuumque
719 1807 961 1861 indagatio,
993 1808 1184 1852 virorum
1216 1812 1422 1854 historiae

101 1892 328 1932 rerumque
360 1891 574 1934 gestarum
605 1881 838 1935 peritorum
874 1880 1138 1924 meditationi
1171 1885 1306 1925 multo
1337 1897 1424 1925 me-

100 1949 216 2001 lius,
253 1962 376 2002 quam
403 1949 588 1992 tironum
607 1983 621 2002 ‚
653 1963 792 1993 rerum
824 1949 1009 2001 ipsarum
1041 1951 1290 2006 cognitione
1314 1967 1423 1997 non-

102 2021 202 2062 dum
230 2020 330 2063 satis
361 2021 667 2064 instructorum
685 2053 700 2073 ,
730 2021 1036 2074 intelligentiae
1062 2026 1378 2068 accommodata
1401 2058 1417 2078 ‚

105 2092 334 2144 quidquam
374 2091 576 2135 historiae
622 2094 765 2136 studio
816 2093 1061 2135 detrimenti
1105 2094 1251 2146 potius
1294 2109 1420 2147 quam

104 2162 379 2204 emolumenti
412 2162 572 2206 afferat.
634 2165 750 2207 Vere
778 2165 887 2208 enim
917 2178 1095 2219 magnus
1134 2167 1346 2208 Ernestus
1376 2167 1420 2209 in

102 2232 256 2276 Dedic.
282 2233 333 2274 ad
359 2232 531 2286 Stigliz.
565 2248 610 2287 p.
636 2249 841 2279 Lxxvm.
874 2236 1095 2277 historiam
1117 2249 1165 2278 ex
1193 2249 1242 2278 eo
1268 2250 1420 2290 genere

103 2317 196 2347 esse
221 2303 454 2359 judicavit,
489 2307 606 2357 quod
645 2310 728 2348 nisi
759 2321 839 2349 uno
871 2316 1012 2348 tenore
1042 2316 1180 2347 totum
1206 2309 1422 2363 percipia-

103 2386 211 2428 tur,
242 2389 469 2431 numquam
501 2388 611 2420 recte
633 2377 843 2420 discatur.
1223 2380 1225 2383 ’

158 2448 210 2490 Ρ.
239 2450 312 2502 96.
344 2448 469 2490 Hanc
492 2438 763 2504 Scriptionem
788 2446 919 2488 veluti
942 2445 1106 2489 dictans
1130 2449 1420 2508 praelegebat]

102 2518 283 2562 Videtur
311 2520 478 2573 quidem
497 2548 511 2570 ‚
538 2519 850 2560 accommodate
868 2520 920 2561 ad
945 2519 1166 2562 Ciceronis
1191 2533 1420 2565 consuetu-

103 2591 273 2646 dinem,
305 2591 575 2637 scribendum
604 2587 738 2631 fuisse
759 2590 997 2633 recitabat:
1031 2591 1146 2643 quod
1173 2592 1328 2634 rectius
1350 2597 1421 2649 ju-

803 2662 837 2704 Ε
856 2676 876 2702 e
1359 2667 1396 2706 d*
