1879 3160
355 174 444 228 326.
595 166 1367 224 ΔΛΝΝΟΤΑΤΙΟΞΜ,

358 293 464 350 sima
477 289 615 336 Italiae
636 299 760 343 gente
774 319 792 342 ,
821 288 1076 342 quibuscum
1099 287 1263 344 origine
1282 292 1655 346 ‚conjunctifuisse

358 365 555 412 videntur
571 390 587 413 ,
612 374 793 413 quorum
817 359 1032 413 hodieque
1046 358 1296 402 Germaniae
1322 370 1481 412 partem
1507 374 1652 407 tenent

360 432 556 490 posteri,
572 431 704 475 Hassi
717 463 733 486 ,
759 434 881 484 sive,
907 443 954 474 ut
969 434 1096 485 vulgo
1114 431 1337 481 dicuntur,
1358 429 1494 472 Hessi.
1556 433 1652 489 Qua

359 507 410 563 de
432 517 477 546 re
500 514 548 547 ut
567 503 637 546 hic
652 516 741 547 non
757 515 820 561 est
835 502 985 546 rfusius
1006 502 1248 556 disputandi
1271 502 1394 544 iocus
1410 531 1425 553 ‚
1451 501 1507 544 ita
1524 504 1650 547 nobis

357 588 471 623 nunc
497 574 677 621 sufficiat
704 562 994 621 auctoritatem
1031 573 1267 616 laudavisse
1303 572 1429 623 Viri,
1462 572 1658 616 universa

358 635 624 700 L‘inguarum
651 655 692 687 et
719 645 1020 700 Etymologiae
1051 645 1223 688 scientia
1246 646 1322 687 hac
1345 654 1490 687 nostra
1527 654 1658 686 aetate

359 716 485 775 facile
515 715 757 771 principis,
793 715 1069 759 Celeberrimi
1105 717 1394 770 BiMerdykii,
1429 714 1502 769 qui
1531 715 1582 757 ab
1613 728 1658 757 ea

361 787 528 848 quidem
569 785 778 830 sententia
815 800 910 830 sese
944 800 1031 830 non
1067 787 1246 830 alienum
1284 787 1474 840 profiteri
1516 789 1660 838 soiet,

361 859 582 916 eidemque
598 858 763 918 idoneis
789 859 1048 914 argumentis
1070 859 1250 902 tuendae
1276 867 1317 898 et
1331 856 1660 908 confirmandae,

359 929 397 982 si
428 928 525 983 quis
563 928 704 982 alius,
751 944 826 986 pai·
857 941 951 984 est,
997 941 1037 973 et
1071 929 1215 973 haberi
1251 927 1399 970 debet.
1460 925 1663 970 Conferri

360 999 481 1043 etiarn
509 1010 693 1054 possunt
717 1014 741 1043 a
770 1002 1064 1046 Lindemanno
1098 1001 1286 1044 laudatae
1323 997 1663 1042 Commentatio-

361 1062 438 1135 nes
453 1099 470 1122 ,
499 1071 672 1118 Daumii
701 1072 751 1115 de
778 1074 918 1118 causis
944 1073 1186 1115 amissarum
1203 1070 1377 1113 Latinae
1392 1069 1583 1123 Linguae
1600 1081 1662 1110 ra-

362 1141 502 1187 dicum
520 1173 535 1195 ,
565 1143 768 1197 Cygneae
786 1148 912 1200 1642·
945 1156 986 1186 et
1008 1141 1198 1185 Praschii
1214 1142 1264 1183 de
1281 1141 1457 1195 Origine
1474 1139 1662 1192 Linguae

361 1213 541 1256 Latinae
565 1212 816 1259 Germanica
830 1246 846 1268 ‚
867 1215 1126 1258 Ratisbonae
1154 1214 1286 1254 1686:
1323 1224 1494 1263 quarum
1514 1210 1583 1252 illa
1599 1223 1668 1253 re-.

362 1297 465 1328 cusa
491 1295 554 1328 est
579 1284 621 1328 in
645 1285 916 1341 Syntagmate
942 1282 1298 1328 Dissertationum
1325 1281 1376 1322 ab
1396 1284 1438 1334 j.
1455 1280 1512 1322 G.
1531 1274 1664 1322 Grac-

362 1355 436 1398 vio
475 1356 676 1398 editarum
715 1356 942 1412 Ultrajecti
982 1369 1108 1410 2702.
1146 1369 1190 1408 p.
1218 1366 1301 1408 447
1337 1367 1437 1406 sqq.
1485 1351 1662 1394 Minime

364 1414 482 1470 certe
507 1440 558 1469 eo
581 1428 792 1481 pertinere
815 1428 940 1469 debet
963 1426 1188 1478 utriusque
1212 1425 1404 1479 Linguae
1428 1425 1662 1466 similitudo

361 1508 404 1541 et
433 1497 719 1552 comparatio,
749 1508 797 1540 ut
826 1497 1051 1551 Virgilium
1090 1485 1253 1538 Graece
1271 1525 1286 1546 ‚
1322 1495 1554 1537 Homerum
1581 1497 1667 1539 La-

362 1569 452 1612 tine
476 1571 668 1611 locutum
697 1567 894 1610 dictitcs:
931 1568 1048 1620 quod
1072 1564 1231 1620 placuit
1254 1565 1345 1607 viro
1362 1596 1377 1616 ‚
1416 1567 1664 1625 ceteroquin

363 1639 650 1682 eruditissimo
679 1648 721 1680 et
746 1639 797 1680 de
822 1637 1081 1692 Linguarum
1110 1637 1263 1680 studiis
1289 1637 1447 1692 optime
1484 1638 1666 1691 merito,

364 1710 410 1753 in
427 1711 595 1771 Proleg.
628 1712 679 1754 ad
697 1710 909 1763 Lennepii
935 1710 1186 1764 Etymolog‚
1214 1709 1343 1762 Ling.
1374 1707 1530 1753 Graec.
1563 1722 1662 1764 pag.

361 1792 470 1831 XLVI
502 1794 605 1835 sqq.
640 1793 682 1825 et
711 1794 794 1826 Lix
825 1794 925 1834 sqq.

421 1852 474 1895 P.
499 1864 574 1906 45.
637 1854 729 1894 Nec
753 1852 827 1894 M.
854 1851 908 1893 A.
934 1850 1134 1895 Muretus
1154 1851 1291 1894 dicere
1311 1851 1550 1905 dubitavit,
1574 1867 1664 1906 eos,

365 1925 440 1978 qui
466 1922 623 1966 Graeci
646 1924 853 1966 Sermonis
878 1935 1065 1981 expertes
1087 1927 1199 1972 sint,
1231 1937 1281 1964 ne
1320 1925 1477 1972 Latine
1501 1921 1663 1978 quidem

365 1998 525 2052 scripta
550 1998 718 2052 penitus
735 1999 952 2052 percipere
975 1994 1141 2050 possa]
1187 1992 1405 2034 Variarum
1438 1993 1563 2038 Lect.
1594 1994 1663 2046 11,

371 2079 454 2111 202
502 2098 530 2121 ,‚
557 2068 647 2121 Jam
688 2068 848 2121 pridem
900 2064 1007 2107 enim
1043 2077 1291 2117 persuasum
1331 2076 1422 2105 esse
1470 2063 1666 2106 existimo

375 2171 403 2195 2,
433 2138 632 2184 omnibus
655 2137 729 2191 qui
751 2146 973 2179 versantur
995 2134 1038 2178 in
1066 2135 1220 2178 litteris
1241 2168 1254 2189 ‚
1283 2136 1373 2179 sine
1403 2133 1560 2176 Graeci
1580 2149 1666 2177 ser.

373 2243 403 2267 „
433 2214 562 2255 mom’s
591 2207 838 2263 cognitione
874 2219 1058 2249 mancam
1087 2220 1253 2250 omnem
1280 2220 1326 2249 ac
1354 2206 1539 2248 mutilam
1575 2219 1668 2250 esse

379 2315 406 2338 „
435 2282 699 2333 doctrinam,
743 2290 783 2322 et
823 2283 896 2336 qni
936 2281 1026 2335 ejus
1066 2288 1250 2335 expertes
1290 2281 1407 2330 sint,
1439 2278 1492 2320 ab
1528 2294 1584 2322 ets
1616 2291 1665 2320 ne

375 2387 405 2409 „
434 2354 593 2397 Latine
622 2351 786 2409 quidem
817 2353 976 2407 scripta
1007 2353 1172 2407 penitus
1201 2350 1416 2407 percipi-’³
1477 2351 1562 2408 Qui
1596 2353 1662 2392 lo-

369 2439 473 2478 cus,
514 2425 754 2469 memoriter
791 2425 1019 2475 laudatus,
1067 2433 1112 2464 ut
1157 2422 1487 2474 Lindemannum
1523 2419 1660 2475 fugit,

369 2497 429 2539 ita
450 2510 515 2540 ine
544 2509 716 2551 quoque
731 2494 919 2549 fugiebat
935 2525 949 2549 a
974 2494 1175 2536 Addcnda
1201 2494 1252 2536 ad
1275 2492 1492 2545 Opuscula
1515 2491 1667 2534 Ruhn-

369 2566 482 2610 kenii
513 2566 870 2612 conscribentem.
930 2566 1036 2610 Rem
1067 2565 1230 2620 ipsam,
1253 2574 1420 2618 praeter
1442 2562 1661 2606 Muretum

1588 2633 1664 2675 ali·
