1879 3160
335 234 432 279 330·
622 213 1222 262 ANNoTATm
1280 230 1358 263 An

359 363 363 373 ¹
387 344 439 388 P.
466 343 539 385 61.
599 338 652 381 In
676 337 757 380 hac
785 347 928 381 autem
952 338 1264 395 interpretandi
1295 342 1459 384 ratione
1481 365 1538 379 —
1561 356 1644 388 non

334 421 469 459 minus
495 433 546 441 —
583 423 709 466 quam
747 413 793 452 in
828 411 908 453 illa
942 409 1225 466 emendandi]
1295 411 1458 455 scilicet
1506 417 1641 457 ratio·

331 500 406 536 no,
441 481 557 534 quod
580 491 693 523 recte
719 492 999 534 suppressum
1026 492 1114 526 est:
1148 496 1224 525 nec
1251 495 1362 536 opus
1389 493 1475 524 erat
1493 514 1508 535 ‚
1539 496 1636 527 cum

335 555 628 601 Lindemanno
681 553 830 594 addere
863 555 1099 607 provincia.
1168 555 1296 596 Haud
1338 553 1543 596 dissimile
1572 564 1638 597 est

332 625 447 668 istud
473 622 703 668 Ciceronis
745 624 796 665 de
833 621 924 666 Off.
949 624 984 666 I.
1017 637 1066 666 1:
1113 627 1435 680 sequereturque
1456 633 1496 665 et
1523 621 1638 665 illud

320 697 492 753 forense
517 691 707 747 dicendi,
740 703 780 735 et
803 691 874 734 hoc
896 694 1081 747 quietum
1105 695 1350 751 disputandi
1368 706 1526 752 genus:
1555 693 1633 734 ubi

327 783 454 814 nemo
485 767 679 818 dubitat,
714 762 850 818 quin,
895 773 995 817 post
1030 763 1224 819 dicendi,
1267 779 1317 809 ex
1353 764 1634 818 sequentibus

329 830 550 882 commode
572 836 848 880 subaudiatur
867 848 1014 889 genus.
1075 836 1330 892 Cujusmodi
1352 836 1523 889 euipses
1549 834 1633 876 fre-

331 919 511 964 quentes
542 918 672 960 sunt,
705 918 746 950 et
767 907 924 961 passim
952 921 973 949 a
997 908 1201 961 Sanctio,
1235 908 1484 959 Schellero‚
1517 905 1635 948 aliis-

333 995 416 1036 que
451 980 775 1023 animadversae.
839 977 974 1022 Conf.
1004 991 1131 1032 supra
1161 978 1308 1021 similis
1338 980 1467 1019 locus.
1492 991 1539 1031 p.
1561 990 1632 1030 34.

386 1054 438 1097 P.
470 1055 541 1106 63.
602 1049 871 1104 Auctor-um]
931 1053 1118 1094 Probum
1158 1052 1202 1093 h.
1242 1053 1273 1093 l.
1315 1048 1372 1090 ob
1406 1047 1474 1100 id,
1517 1048 1635 1101 quod

329 1124 554 1178 sequitur,
599 1135 696 1178 quos
736 1123 917 1177 scriptor
959 1119 1165 1163 imitando
1203 1123 1491 1177 expressisset,
1530 1120 1560 1162 i.
1592 1133 1630 1163 e.

333 1205 441 1250 quos
490 1196 618 1250 huJus
671 1191 841 1234 illirsve
885 1192 989 1235 dicti
1035 1203 1230 1234 auctores
1275 1202 1448 1234 secutus
1498 1199 1628 1233 esset.

330 1264 540 1317 Alioquin
565 1277 650 1306 non
677 1263 924 1317 simpliciter
942 1277 1020 1317 pro
1049 1265 1253 1316 scriptore
1272 1263 1461 1317 ponitur.
1520 1262 1624 1307 Vid.

330 1335 494 1389 Opusc.
517 1333 695 1375 Ruhnk.
722 1336 771 1376 ad
798 1334 840 1375 h.
870 1335 902 1376 l.
936 1346 977 1386 p.
1002 1347 1082 1386 277
1113 1347 1180 1386 sq.
1212 1344 1252 1375 et
1279 1336 1388 1376 Adel.
1419 1347 1462 1387 p.
1495 1337 1622 1376 1026.

387 1405 435 1448 P.
465 1407 537 1458 64.
600 1404 922 1462 Aristophanem
954 1428 1009 1436 —
1033 1404 1337 1461 Xenophontem
1364 1403 1622 1461 Ephesium]

330 1476 434 1520 Vid.
467 1489 596 1529 supra
625 1477 676 1517 ad
702 1490 745 1530 p.
775 1487 824 1528 15
855 1485 895 1516 et
923 1487 994 1527 23.

349 1560 353 1563 ’
387 1548 498 1591 lbid.
560 1547 840 1602 Hesychimn]
888 1546 1203 1590 Hemsterhusii
1233 1548 1274 1591 in
1306 1561 1400 1591 eum
1437 1547 1633 1591 Annota-

329 1621 470 1662 tiones
497 1619 676 1661 insertae
700 1620 898 1672 leguntur
934 1619 1139 1660 Auctario
1165 1620 1215 1660 ad
1240 1622 1392 1662 <nucem
1421 1619 1550 1662 Tomi
1575 1621 1632 1666 Π.

330 1690 541 1745 Hesychii
573 1689 804 1733 Albert'mi.
877 1690 976 1733 Vid.
1016 1689 1264 1733 Ruhnkenii
1302 1688 1510 1732 Praefatio
1548 1690 1631 1731 ibi·

330 1764 421 1805 dem
441 1794 456 1814 ‚
489 1763 665 1816 repetita
696 1762 864 1815 opusc.
900 1761 959 1803 T.
989 1764 1027 1804 Ι.
1059 1774 1104 1815 p.
1131 1775 1229 1816 192.

339 1856 341 1859 .
386 1834 494 1881 Ibid.
552 1833 747 1875 Thomam
765 1831 1050 1888 Atticistam]
1105 1833 1243 1888 Hujus
1261 1833 1408 1875 edendi
1434 1832 1632 1886 proposi-

327 1916 416 1948 tum
448 1904 776 1947 Hemsterhusio
803 1902 938 1947 fuisse
955 1935 970 1957 ‚
1003 1905 1175 1947 Rittero
1193 1902 1449 1956 significavit
1476 1904 1629 1946 Ruhn-

326 1976 476 2019 kenius
499 2007 513 2019 ..
542 1968 721 2028 ΟΡυεε.’
741 1975 802 2019 Τ.
831 1977 889 2019 11.
920 1990 969 2031 p.
991 1990 1095 2030 777.
1143 1973 1290 2017 Edidit
1322 1986 1413 2014 eum
1447 1983 1593 2026 postea
1612 2004 1627 2025 ,

328 2061 423 2090 cum
480 2046 797 2098 Hen1sterl1usii
862 2048 1126 2100 aliorumque
1187 2044 1628 2088 animadversionibus

326 2119 596 2169 Bernardus‚
629 2118 819 2161 medicus
861 2116 1168 2164 doctissimus,
1201 2113 1344 2169 Lngd.
1371 2114 1467 2156 Bat.
1501 2127 1628 2169 1757.

327 2190 429 2233 vid.
462 2189 686 2242 praemissa
715 2189 811 2232 huic
845 2190 945 2233 edit.
976 2186 1272 2239 Oudendorpii
1301 2184 1529 2228 Praefatio.

336 2280 340 2282 ’
385 2261 497 2304 lbid·
558 2261 711 2318 Alios]
772 2262 920 2305 Veluti
974 2259 1194 2302 Timacum
1243 2256 1594 2299 Ruhnkenianum
1613 2287 1630 2309 ‚

327 2331 634 2374 Gammae-hum
669 2333 980 2383 Ernestinum„
1009 2330 1076 2381 Jo.
1123 2328 1483 2380 Chrysostomum
1515 2327 1626 2381 apud

326 2402 582 2456 Raphclium
606 2406 767 2450 Annot.
798 2407 848 2448 ad
875 2406 938 2448 N.
969 2403 1030 2448 T.
1062 2403 1111 2444 ad
1134 2402 1286 2442 calcem
1315 2399 1371 2440 T.
1398 2399 1452 2440 ΙΙ.
1500 2411 1544 2451 p.
1570 2410 1624 2448 77

326 2484 430 2526 sqq.
489 2476 609 2529 Quae
641 2477 781 2519 omnia
805 2477 909 2520 satis
939 2486 1039 2519 nota
1073 2483 1190 2516 sunt.
1263 2470 1414 2512 Minus
1444 2469 1624 2510 fortasse

327 2556 429 2586 nota
457 2546 691 2597 exquisitae
721 2549 968 2592 eruditionis
999 2549 1121 2602 plena
1150 2544 1228 2587 viri
1268 2540 1416 2585 summi
1446 2539 1628 2582 animad-

326 2615 465 2660 versio
483 2619 532 2658 de
553 2631 655 2661 voce
681 2624 832 2673 εὐαγὴς
851 2651 866 2674 ‚
900 2630 1062 2663 servata
1092 2618 1133 2662 in
1162 2613 1400 2670 Musgravii
1430 2610 1623 2654 Exercit.

1540 2682 1633 2725 Eu-
