1879 3160
374 237 552 281 v1TA
608 239 666 282 D.
724 232 1188 281 RuuNKENtt.
1354 251 1439 294 ω,

134 361 298 405 Timaei
330 373 479 405 caussa
504 361 654 402 iterum
680 358 917 412 iterumque
942 358 1175 403 lectitatum
1190 389 1206 412 ‚
1230 368 1271 403 et
1290 371 1441 415 postea

133 433 326 488 quotidie
349 446 590 485 versatum,
615 440 781 477 recente
805 428 1007 472 memoria
1029 430 1223 474 tenebat:
1255 444 1296 476 et
1319 433 1444 486 quid.

134 504 239 557 quiri
269 504 458 559 legendis
487 503 580 546 aliis
606 503 902 558 Scriptoribus
932 501 1016 556 ipsi
1058 503 1245 546 oblatum
1275 506 1327 550 ad
1349 507 1445 550 Pla.

132 586 276 619 tonent
306 576 445 618 facere
471 575 686 618 videretur
703 606 717 627 ,
744 575 893 620 sedulo
922 573 1166 617 annotabat.
1214 575 1444 620 Edenbur-

133 647 338 702 gensibus
379 660 534 690 novam
578 647 808 689 editionem
847 645 1123 688 molientibus
1161 657 1257 689 ante
1293 647 1445 702 viginti

131 731 266 766 annos
283 749 299 771 ,
333 732 515 772 eumque
536 717 783 774 rogantibus
798 749 812 770 ,
841 729 889 760 ut
912 731 1081 772 operam
1107 718 1211 771 ipsis
1238 733 1357 763 suam
1374 720 1537 764 ad-186

132 789 325 841 diceret,
370 789 427 832 ita
461 791 766 843 responderat,
811 799 859 831 ut
897 801 942 830 se
978 790 1029 831 ab
1064 803 1210 832 eorum
1244 790 1444 836 instituto

133 874 222 904 non
261 862 441 904 alienum
477 862 732 905 ostenderet.
804 859 989 916 Dialogo
1024 861 1236 904 Alcibiadi
1271 862 1445 916 Priori,

110 933 336 976 ,Francice
368 934 531 976 reddito
557 946 683 987 opera
710 932 770 976 T.
800 931 956 982 Fabri,
991 943 1032 974 et
1058 933 1243 986 repetito
1271 934 1445 978 Amste-

135 1004 292 1046 lotlami
327 1007 468 1060 1766,
500 1006 729 1051 nonnullas
759 1003 1120 1058 interpretationis
1151 1004 1442 1046 correctiones

134 1076 358 1129 adjecerat.
422 1076 506 1118 Sed
535 1086 575 1121 et
598 1076 700 1117 haec
725 1075 831 1118 levis
865 1077 1034 1129 opella,
1068 1085 1110 1118 et
1135 1074 1243 1117 illud
1273 1074 1444 1118 irritum

133 1144 218 1187 fuit
236 1146 498 1188 institutum.
558 1147 687 1190 Nunc
710 1159 828 1189 suam
850 1147 943 1201 ipse
966 1159 1052 1188 rem
1077 1147 1254 1201 agebat:
1282 1145 1327 1189 in
1346 1146 1446 1189 Pla·

133 1226 268 1270 tone,
300 1228 347 1259 ut
375 1218 737 1273 Philosophorum
772 1218 996 1272 principe,
1030 1218 1221 1260 ornando
1251 1227 1292 1259 et
1317 1217 1447 1260 eden.

133 1287 191 1330 do
207 1319 222 1340 ,
247 1288 448 1343 princeps
471 1303 517 1332 ac
539 1291 786 1344 palmarium
812 1289 895 1332 sibi
918 1301 1030 1342 opus
1053 1289 1338 1343 proponebat.
1382 1288 1447 1330 At-

134 1360 406 1417 pr-opositum
437 1360 591 1404 effectu
621 1362 780 1416 caruit3
816 1360 979 1415 quippe
1001 1360 1270 1403 confutatum
1296 1359 1446 1401 eodem

135 1430 244 1482 illo,
284 1431 336 1478 de
365 1445 451 1484 quo
490 1446 620 1487 supra
651 1433 772 1484 dixi,
816 1444 1001 1474 summae
1040 1429 1318 1484 perfectionis
1355 1428 1447 1474 sive

135 1501 278 1544 studio
297 1532 313 1554 ,
345 1503 435 1549 sive
462 1516 619 1547 errore.
680 1506 720 1548 Is
751 1505 890 1547 aderat
917 1513 1178 1558 apparatus,
1213 1513 1261 1544 ut
1293 1501 1447 1544 editio-

136 1570 204 1614 nis
243 1572 344 1613 dote
380 1574 622 1618 satisfacere
659 1577 752 1619 aliis
788 1575 989 1622 omnibus
1025 1574 1164 1617 doctis
1197 1571 1446 1614 hominibus

137 1653 312 1696 posset,
343 1642 426 1685 sibi
452 1643 543 1697 ipse
568 1659 654 1691 non
681 1655 847 1700 posset.
907 1646 1054 1688 Locos
1080 1655 1338 1698 corruptos,
1366 1643 1446 1685 ob-

136 1727 318 1765 scurOS,
343 1714 535 1759 difficiles
553 1748 568 1769 ,
596 1720 722 1771 longe
749 1716 959 1771 plurimos
984 1715 1278 1770 expediverat:
1314 1723 1447 1756 resta-

136 1785 239 1827 bant
267 1786 377 1833 haud
402 1788 554 1841 pauci,
582 1790 633 1830 de
662 1790 819 1842 quibus
844 1788 1115 1843 expediendis
1141 1787 1225 1841 ipsi
1251 1787 1444 1830 nondum

133 1856 344 1909 liquebat.
396 1857 454 1899 Hi
478 1862 575 1912 plus
600 1859 711 1913 apud
737 1873 830 1901 eum
860 1859 1057 1902 valebant
1080 1859 1131 1901 ad
1158 1857 1444 1913 abjiciendum

134 1927 334 1970 editionis
362 1929 586 1973 consilium
603 1963 618 1983 ,
643 1944 765 1985 quam
790 1931 852 1973 illi
875 1931 925 1973 ad
946 1929 1305 1984 persequendum.
1353 1927 1442 1969 Re-

134 1997 343 2052 spiciebat
378 1999 598 2047 Timaeum
632 2017 782 2046 suum:
817 2001 1215 2054 animadvertebat,
1236 2010 1441 2054 quantum

134 2069 234 2112 huic
257 2071 308 2112 ad
331 2071 636 2124 perfectionem
661 2076 854 2118 tieeSsetz
874 2077 991 2119 nulla
1016 2074 1106 2117 dies
1132 2072 1303 2126 abibat,
1334 2072 1441 2126 quin

134 2140 262 2182 lectio
295 2141 471 2186 aliorum
509 2145 713 2190 librorum
749 2149 881 2191 multa
920 2147 957 2190 ei
997 2145 1231 2202 objiceret,
1279 2146 1440 2200 quibus

133 2211 518 2260 animadversiones
544 2219 587 2262 in
615 2220 839 2262 Timaeum
871 2228 912 2261 et
937 2228 1194 2273 augerentur
1211 2249 1226 2270 ,
1260 2228 1300 2260 et
1325 2229 1446 2258 care-

134 2297 179 2325 re
214 2296 302 2325 non
338 2299 466 2337 posse
499 2290 759 2334 viderentur.
834 2291 968 2345 Igitur
1000 2290 1226 2333 constituit
1253 2286 1443 2329 Platoni-

131 2368 222 2397 cam
258 2368 423 2398 omnem
460 2362 667 2403 materiam
700 2363 917 2416 tripertito
944 2362 1054 2404 libro
1082 2357 1337 2412 complecti,
1370 2356 1440 2399 cui

130 2427 354 2470 Platonica
383 2442 538 2473 nomen
573 2432 845 2475 inscriberet:
879 2432 1055 2485 primam
1091 2441 1251 2485 partem
1280 2428 1441 2471 faceret

132 2498 171 2540 T
166 2501 348 2540 imaeum
370 2513 464 2543 eum
494 2502 932 2546 animadversionibus
955 2501 1089 2544 auctis
1113 2511 1154 2543 et
1181 2498 1434 2542 emendatis:

133 2572 303 2618 alteram
324 2603 339 2623 ,
385 2571 551 2613 Scholia
582 2571 834 2624 Platonica,
867 2572 964 2615 item
999 2570 1432 2615 animadversionibus
1446 2579 1524 2631 187

135 2640 368 2691 illustrata:
402 2643 565 2689 tertiam
581 2675 596 2698 ,
627 2644 904 2689 Iisc'sccllatzca
930 2643 1184 2698 Platonica,
1218 2655 1324 2697 quae
1347 2654 1441 2684 om-

1342 2723 1438 2755 nem
