1879 3160
379 151 659 200 v1TAM
717 146 1245 200 RUHNKENII.
1383 165 1470 214 41⁵

166 279 237 335 gio
262 291 310 334 p.
334 291 419 333 44,
450 278 663 333 64—66.
695 287 737 322 et
764 279 862 321 luce
893 273 1050 319 clarius
1073 286 1259 330 patescet
1282 288 1334 321 ex
1355 275 1475 322 illius

163 365 315 406 operae
359 349 679 406 Supplementis
714 346 926 403 postumis
946 378 964 402 ,
1003 347 1144 392 Geelii
1168 348 1307 392 nostri
1336 351 1474 406 cura,

161 424 207 468 in
231 427 368 467 lucem
397 435 534 476 nuper
555 419 738 464 emissis.

223 495 336 539 Ibid.
397 495 577 537 Doctum
617 492 837 548 quemdam
875 494 1017 537 virum
1045 491 1301 550 Lipsiensem
1325 518 1382 528 —
1406 497 1481 551 qui

158 565 374 610 Timaeum
410 578 450 610 et
478 565 712 609 Moeridem
740 589 795 600 -
818 568 1016 623 repetiit,
1049 567 1204 608 omissis
1234 564 1482 608 Ruhnkem'i

163 647 205 679 et
229 640 425 682 Piersom'
461 637 926 692 animadversionibus]
988 637 1271 689 Fischerum,
1302 634 1339 677 si
1371 635 1479 678 bene

161 710 338 765 conjicit
391 711 712 754 Lindemannus
740 740 756 762 ‚
806 709 1019 763 significat
1042 739 1058 762 ‚
1120 709 1195 762 qui
1247 718 1478 762 utrumque

161 782 425 836 conjunctim
454 782 586 826 edidit
609 781 938 824 Grammaticum
964 781 1136 835 Lipsiae
1171 785 1292 836 1758.
1323 780 1478 823 Ruhn-

160 851 274 895 kenii
308 854 368 896 nil
413 854 496 897 nisi
532 853 797 898 Praefatione
834 862 1021 894 retenta:
1071 852 1265 894 Piersoni
1306 850 1475 892 Moeri-

162 923 287 975 dem,
331 924 404 977 qui
441 939 550 968 anno
584 927 749 968 demum
781 935 888 979 1759
919 923 1080 977 prodiit
1116 922 1319 977 Lugduni
1350 923 1475 965 Bata-

169 1006 323 1036 vorum
340 1025 355 1046 ,
387 997 577 1038 nondum
605 996 780 1038 viderat.

212 1066 263 1108 Ρ.
286 1066 359 1108 61.
390 1064 718 1120 Regiomontano
742 1066 987 1108 Ruhnkenii
1009 1064 1319 1122 condiscipulo]
1359 1063 1472 1108 Kan-

157 1134 238 1179 tio.
299 1134 403 1178 Vid.
430 1150 560 1191 supra
586 1150 631 1190 p.
662 1149 730 1181 10.
765 1148 806 1179 et
829 1151 936 1190 quae
967 1138 1027 1179 ibi
1051 1137 1252 1181 diximus.

214 1206 329 1251 Ibid.
388 1205 465 1248 Ad
482 1208 691 1262 publicum
713 1207 885 1252 docendi
901 1221 1051 1250 munus
1067 1211 1323 1267 provectus]
1383 1213 1474 1256 Mi.

159 1289 242 1319 nus
265 1287 380 1320 recte
404 1279 538 1332 vulgo
578 1292 628 1322 eo
663 1293 792 1323 sensu
829 1279 986 1323 dicitur
1014 1290 1226 1336 promotus
1249 1293 1289 1325 et
1306 1294 1475 1342 promo-

160 1360 286 1400 vere,
322 1361 347 1391 a
373 1348 632 1395 Ruhnkenio
681 1351 930 1406 castigatum
975 1353 1028 1395 ad
1072 1352 1292 1397 Muretum
1320 1386 1337 1410 ‚
1381 1356 1474 1400 sive

159 1419 329 1472 opusc.
367 1419 425 1462 Τ.
454 1424 513 1464 ΙΙ.
546 1435 594 1475 p.
618 1435 718 1476 751.

212 1491 327 1535 Ibid.
386 1490 582 1535 Muneris
604 1492 894 1550 adeptionem]
955 1493 1026 1537 Sic
1060 1507 1188 1549 supra
1217 1497 1339 1539 etiam
1364 1497 1473 1552 legi-

160 1572 231 1606 tur
269 1576 315 1616 p.
341 1576 416 1616 40.
479 1564 704 1608 Ciceronis
735 1574 799 1607 est
830 1563 994 1621 adeptio
1024 1565 1145 1618 boni,
1175 1568 1228 1609 de
1263 1567 1362 1610 Fin.
1392 1571 1466 1621 ΙΙ,

161 1648 234 1689 13.
266 1643 308 1677 et
339 1632 503 1691 adeptio
525 1633 757 1690 commodi,
796 1635 945 1678 Partit.
999 1635 1079 1680 Or.
1117 1650 1158 1680 c.
1190 1649 1259 1692 32.
1309 1638 1466 1692 quibus

157 1706 265 1749 locis
281 1737 296 1758 ‚
320 1706 433 1758 apud
456 1705 488 1747 F
491 1705 738 1748 acciolatum
765 1716 805 1748 et
818 1706 1079 1750 Schellerum
1095 1710 1231 1754 allatis
1249 1739 1266 1762 ‚
1291 1711 1468 1754 addatur

159 1777 477 1835 Quinctilianus
515 1775 587 1829 V,
633 1789 684 1819 10
709 1808 725 1831 ‚
771 1791 840 1834 33.
887 1780 1080 1821 laudatus
1124 1779 1418 1826 Lindemanno
1447 1814 1465 1838 ,

157 1859 271 1890 reete
294 1846 551 1901 improbanti
575 1846 790 1890 barbaram
810 1862 960 1892 vocem
986 1851 1210 1904 assecutio,
1244 1866 1350 1907 quae
1371 1857 1468 1898 nul.

154 1922 234 1962 lam
260 1932 438 1973 prorsus
464 1918 755 1961 auctoritatem
784 1919 928 1963 habet.

210 1992 261 2036 P.
294 1993 366 2041 61.
426 1989 583 2032 Multis
606 1990 798 2033 Batavae
818 1998 962 2032 terrae
984 1992 1263 2035 suavitatibus
1284 2005 1458 2052 captus,

153 2073 194 2106 et
211 2077 288 2105 sua
313 2065 398 2120 tp5e
421 2072 585 2104 natura
611 2075 704 2104 cum
730 2060 940 2103 hominum
968 2064 1147 2118 ingeniis
1175 2062 1349 2116 mirifice
1371 2079 1466 2108 con-

150 2145 308 2188 gruens
325 2163 340 2184 ,
363 2142 562 2189 perpetuo
599 2138 646 2175 in
686 2146 735 2174 ea
763 2146 933 2175 manere
967 2135 1282 2190 constituerat]
1343 2136 1465 2193 Quae

160 2203 304 2255 quales
342 2202 634 2256 intelligendae
675 2205 762 2248 sint
802 2207 1064 2259 suavitates,
1097 2206 1193 2247 luce
1215 2205 1369 2255 clarius
1397 2219 1467 2250 os-

154 2274 335 2316 tendunt
385 2287 490 2327 quae
534 2289 664 2330 supra
709 2278 761 2320 ad
796 2290 843 2331 p-
884 2291 935 2335 19
973 2288 1014 2320 et
1052 2287 1125 2320 21.
1167 2275 1278 2329 ipsis
1311 2277 1463 2329 partim

153 2346 374 2389 retulimus
397 2345 644 2389 Ruhnkenii
670 2348 813 2390 verbis
832 2378 848 2400 ‚
881 2349 1008 2390 modo
1033 2359 1112 2389 sese
1138 2345 1287 2400 ajentis
1321 2346 1372 2390 de
1382 2359 1465 2405 pa-

151 2419 243 2460 tria
278 2416 499 2473 repetenda
534 2430 749 2473 nunquam
779 2420 999 2474 cogitare:
1029 2417 1128 2470 jam
1153 2419 1292 2471 enim,
1322 2420 1464 2461 socio-

156 2502 246 2532 rum
271 2487 444 2543 Ulyssis
474 2489 604 2532 instar
621 2519 638 2541 ,
668 2491 793 2533 λωτὲν
823 2494 1011 2544 <parem
1043 2489 1171 2532 modo
1197 2488 1362 2544 Regum
1382 2503 1465 2532 sese

143 2558 396 2612 felicitatem
423 2568 525 2613 2cum
575 2573 654 2603 sua
682 2570 933 2615 permutare
964 2561 1071 2604 nolle
1098 2560 1324 2618 J‘actantis:
1357 2561 1471 2604 nibil

1412 2648 1468 2676 si-
