1879 3160
455 144 733 197 V1TAM
792 143 1325 193 RUHNKENII.
1466 162 1552 209 379

246 270 427 315 cendum
459 283 553 314 esse
582 273 789 323 clamant3
822 268 1020 312 videntur
1049 268 1142 323 illi,
1184 279 1234 314 ut
1263 269 1398 313 dicam
1434 274 1553 327 quod

247 341 425 384 sentiam
447 371 462 394 ‚
496 353 537 385 et
577 356 675 386 vere
714 342 853 384 dicere
893 342 993 383 mihi
1032 343 1208 395 videor,
1241 355 1329 385 non
1362 343 1463 386 satis
1491 355 1552 386 te-

247 426 348 458 nere
386 413 615 457 discrimen
654 411 840 455 discendi
880 426 926 455 ac
964 413 1157 469 legendi,
1201 428 1246 457 ac
1273 413 1417 469 potius
1445 426 1554 466 quae

242 484 364 537 duo,
410 486 560 527 natura
596 487 675 528 sua
710 477 844 538 'plane
881 482 1078 536 diversa,
1125 486 1261 538 probe
1297 485 1554 529 secernenda

241 566 347 599 sunt
369 584 386 607 ‚
428 569 475 599 ea
519 566 676 599 temere
706 553 968 598 confundere
994 568 1042 597 ac
1078 555 1272 601 miscere.
1336 557 1552 600 Nimirum

242 626 370 678 longe
393 625 508 668 aliud
531 638 596 670 est
623 626 785 670 Graece
804 641 854 670 ae
878 628 1037 669 Latine
1058 625 1215 669 discere
1230 642 1246 671 .·
1276 628 1390 671 aliud
1417 626 1555 670 Grae·

237 698 299 738 cis
331 711 382 738 ac
411 696 587 740 Latinis
628 698 792 742 Literis
828 699 1026 750 studere,
1069 698 1161 740 sive
1188 729 1202 751 ‚
1250 699 1367 753 quod
1404 698 1551 751 eodem

240 765 380 818 redit,
425 765 608 811 Graecos
632 786 683 814 ac
720 772 898 815 Latinos
933 772 1163 826 Sefiptores
1199 783 1333 812 omnes
1366 766 1553 823 deinceps

239 837 386 880 ordine
407 839 572 894 legere,
606 854 852 899 excerpere,
886 853 925 885 et
951 841 1331 883 llemsterhasiana
1349 873 1360 892 ‚
1393 840 1436 881 id
1454 849 1549 890 est,

232 922 525 965 grammattea
571 916 806 970 criticaque
855 916 1021 956 ratione
1060 922 1354 969 pertractare.
1429 910 1552 952 Alte-

237 994 329 1023 rum
357 982 519 1027 faciunt
558 999 705 1029 omnes
731 987 822 1039 illi,
857 987 931 1040 qui
968 986 1011 1032 in
1051 985 1218 1026 Scholas
1242 980 1465 1023 inferiores
1492 978 1549 1023 si-

237 1065 291 1095 ve
314 1052 530 1105 Latinas,
575 1068 684 1107 quae
715 1057 943 1108 dicuntur,
987 1056 1108 1109 pueri
1145 1054 1379 1100 ventitant,
1412 1051 1548 1105 prima

235 1124 460 1177 utriusque
476 1124 642 1179 linguae
661 1129 867 1170 elementa
881 1125 1153 1180 percepturi,
1178 1126 1228 1166 ad
1256 1135 1437 1176 eumque
1456 1135 1547 1164 mo-

232 1187 332 1237 dum
364 1199 661 1251 progressuri,
691 1212 787 1241 cum
813 1209 859 1240 ut
893 1198 1080 1251 scriptos
1108 1197 1290 1248 utraque
1320 1194 1463 1248 lingua
1495 1192 1546 1236 li-

229 1266 334 1310 bros
372 1268 656 1322 probabiliter
690 1271 928 1326 intelligere
967 1280 1009 1312 et
1040 1267 1311 1323 interpretari
1343 1266 1542 1319 discant,

231 1346 324 1381 tum
363 1350 412 1382 ut
450 1342 705 1395 peculiarem
744 1342 965 1395 quemdam
997 1342 1079 1385 sibi
1115 1346 1363 1393 comparent
1388 1336 1544 1379 Latine

230 1410 436 1463 loquendi
471 1412 774 1465 scribendique
815 1425 939 1455 usum
983 1423 1024 1455 et
1061 1413 1282 1464 habitum,
1328 1408 1402 1463 qui
1434 1407 1543 1462 ipsis

231 1490 315 1523 tarn
358 1481 402 1525 in
434 1483 552 1526 omni
591 1484 880 1526 doctrinarum
931 1494 1084 1536 genere
1127 1485 1372 1541 adjumento
1407 1481 1463 1524 sit
1501 1490 1543 1524 et

233 1554 553 1606 emolumento,
587 1567 709 1607 quam
737 1555 780 1598 in
809 1553 927 1596 omni
953 1553 1066 1596 vitae
1092 1568 1268 1598 munere
1291 1564 1539 1598 ornamento

234 1634 277 1665 et
310 1623 624 1678 instrumento,
666 1640 752 1680 quo
781 1627 898 1670 docti
938 1626 1123 1668 hominis
1160 1625 1325 1668 laudem
1363 1636 1542 1669 nomen-

230 1709 315 1748 que
348 1709 667 1751 consequantur
692 1711 738 1740 ac
763 1710 987 1750 tueantur3
1024 1698 1115 1741 sive
1136 1698 1198 1740 illi
1232 1696 1529 1756 Theologiae,

226 1768 319 1811 sive
341 1769 742 1823 Jurisprudentiae,
789 1771 880 1813 sive
913 1771 1085 1813 salutari
1117 1768 1386 1811 Medicorum
1423 1767 1533 1821 arti,

224 1839 318 1882 sive
334 1840 399 1882 his
422 1840 526 1893 ipsis
549 1841 832 1895 Antiquarum
862 1842 1104 1884 Literarum
1129 1839 1310 1891 studiis,
1343 1839 1436 1882 sive
1464 1840 1536 1883 de-

218 1909 354 1963 nique
380 1910 621 1964 cuicunque
657 1913 727 1955 alii
756 1915 973 1957 doctrinae
1014 1911 1156 1967 generi
1197 1924 1292 1953 sese
1329 1911 1529 1966 deinceps

217 1982 451 2036 tradituri,
495 1996 546 2025 ex
587 1997 724 2038 eoque
764 1986 943 2028 honesta
976 1984 1083 2028 bene
1121 1983 1328 2034 beateque
1360 1981 1532 2026 vivendi

218 2055 410 2097 subsidia
441 2055 525 2098 sibi
561 2057 745 2109 paraturi
785 2058 898 2110 sint3
932 2069 1010 2098 nec
1045 2054 1320 2107 parentibus,
1352 2054 1529 2109 amicis,

220 2127 389 2170 civibus
421 2129 540 2172 oneri
567 2142 614 2171 ac
645 2127 873 2179 dedecori,
906 2126 979 2168 sed
1003 2127 1170 2168 ornatui
1192 2125 1340 2180 potius
1367 2139 1413 2168 ac
1437 2115 1529 2171 lau-

217 2196 261 2238 di
288 2196 440 2241 futuri.
501 2199 724 2251 Alterum,
758 2200 801 2242 id
840 2208 905 2242 est
936 2197 980 2240 id
1018 2198 1136 2251 quod
1162 2197 1399 2251 posteriore
1425 2200 1523 2240 loco

215 2267 433 2321 diximus,
465 2270 638 2324 proprie
671 2283 718 2312 ac
755 2269 984 2323 praecipue
1017 2271 1069 2319 ad
1097 2283 1171 2312 eos
1199 2270 1413 2324 pertinet,
1447 2267 1522 2321 qui

214 2339 405 2382 decursis
436 2341 640 2392 pueritiae
668 2341 843 2394 stadiis,
887 2341 1177 2386 adolescentes
1207 2341 1251 2383 in
1276 2340 1520 2394 superiores

211 2409 461 2453 Academiae
488 2413 656 2455 scholas
681 2413 837 2464 delati,
870 2412 914 2455 in
946 2412 1125 2454 Graecis
1162 2412 1415 2464 Latinisque
1443 2401 1522 2452 Li·

210 2482 315 2524 teris
355 2467 466 2525 vitae
508 2485 591 2527 sibi
638 2484 955 2526 tabernaculum
994 2497 1156 2540 ponere
1195 2483 1515 2533 decreverunt,

207 2562 361 2605 atque,
399 2564 471 2596 aut
502 2554 610 2596 intra
637 2565 778 2596 certos
812 2554 918 2597 fines
949 2566 989 2597 et
1017 2556 1139 2610 quasi
1161 2554 1394 2609 sepimenta
1421 2567 1516 2597 sese

209 2633 399 2670 tenentes
416 2657 430 2681 ,
460 2624 666 2682 pueritiae
680 2625 843 2668 Graece
856 2625 1096 2682 Latineque
1118 2624 1365 2671 erudiendae
1379 2655 1395 2682 ,
1429 2625 1515 2666 uti-

1486 2693 1517 2739 li
