1879 3160
262 255 359 302 292*
517 235 695 282 VITA
737 233 794 277 D·
839 230 1285 279 RUHNKENH.

265 359 506 412 lectationis
524 354 737 407 animique
750 366 896 398 caussa
920 355 1092 400 retinuit
1107 354 1396 399 venationem=
1419 367 1564 410 quam,

271 437 324 480 ad
349 439 569 477 extremam
596 438 735 478 usque
762 437 1054 481 senectutem,
1085 435 1202 467 tanto
1231 427 1373 470 studio
1399 427 1569 470 factita-

274 507 367 557 vit,
401 510 446 544 ut
479 496 686 550 ampliore
712 511 830 550 eam,
874 513 996 552 quam
1038 514 1116 554 pro
1151 497 1209 539 rei
1234 496 1452 541 familiaris
1477 511 1571 540 mo-

277 581 361 627 do,
393 573 583 623 impensa
617 567 989 622 instrumentoque
1015 570 1127 612 tueri
1156 570 1380 613 videretur.
1439 568 1499 611 Et
1527 568 1578 610 li-

282 656 349 689 cet
388 641 608 684 universae
634 638 735 681 artis
765 640 966 682 rationem
1005 652 1178 695 nosset,
1212 642 1335 685 unice
1361 652 1499 684 tamen
1525 651 1577 680 eo

282 726 433 772 genere
460 711 654 753 utebatur
670 741 686 762 ‚
722 712 839 763 quod
860 712 1000 766 longis
1019 712 1195 756 canibus
1209 743 1226 767 ‚
1257 724 1483 766 earumque
1505 724 1582 754 ve·

281 785 454 830 locitate
478 779 681 835 capiendo
706 782 852 834 lepore
871 813 885 834 ,
917 783 1174 828 continetur.
1236 785 1334 826 Hoc
1356 796 1488 827 unum
1510 794 1586 836 ge·

282 867 487 904 nerosum
528 863 570 895 et
612 852 791 895 Batavae
831 861 965 894 terrae
1010 853 1231 907 proprium
1272 864 1588 908 cognatumque

285 929 484 974 censebat
522 937 687 979 genus,
729 923 922 976 idemque
955 923 1101 965 eodem
1139 925 1300 977 modo,
1332 924 1591 966 earumdem-

294 1014 378 1055 que
406 1010 585 1049 canum,
618 1006 914 1050 vertagorum,
948 1008 1028 1038 usu
1058 1007 1099 1038 et
1122 995 1356 1039 ministerio
1392 993 1594 1047 frequen·

293 1081 425 1114 tatum
455 1068 497 1110 in
536 1067 732 1121 Celtica,
765 1076 873 1109 teste
900 1064 1083 1109 Arriano
1112 1067 1134 1122 (
1155 1069 1303 1123 122):
1336 1069 1512 1110 alterum
1540 1065 1594 1109 il·

292 1141 368 1185 lud
394 1141 418 1182 ὲ
443 1139 728 1193 Xenophonte
759 1137 782 1188 (
796 1139 916 1192 223)
946 1137 1161 1190 proditum
1181 1170 1196 1191 ‚
1228 1138 1280 1180 ad
1303 1137 1418 1190 quod
1437 1147 1594 1186 canes,

297 1225 466 1268 sagaces
497 1210 696 1263 quidem,
743 1216 880 1249 tamen
913 1208 1119 1252 tardiores
1141 1210 1428 1260 adhibentur,
1460 1204 1596 1259 lepori

208 1286 404 1345 272retia
427 1294 466 1326 et
492 1284 635 1337 plagae
649 1279 881 1322 tenduntur
896 1310 912 1332 ‚
944 1279 1122 1334 sagittae
1141 1291 1181 1323 et
1202 1282 1339 1336 jacula
1363 1280 1601 1340 immittun-

300 1368 368 1401 tur
385 1387 400 1408 ,
432 1350 590 1396 humile
617 1358 657 1392 et
687 1347 895 1405 abJ'ecturn
913 1382 929 1404 ,
960 1352 1312 1406 Graecorumque
1337 1352 1506 1407 ingenio
1534 1351 1601 1394 in.-

299 1427 473 1481 dignum
492 1454 507 1475 ‚
535 1419 777 1476 jndicabat‚
810 1436 886 1465 nec
915 1423 997 1466 nisi
1019 1423 1269 1466 necessitate
1304 1423 1386 1465 soli
1410 1421 1601 1466 montani

304 1491 608 1539 excusandum.
669 1490 935 1546 Quamquam
972 1493 1017 1537 in
1058 1494 1140 1536 hoc
1177 1493 1424 1537 recentioris
1458 1493 1607 1537 aetatis

224 1593 236 1613 r
305 1565 487 1616 missili,
509 1563 705 1613 sclopeto
721 1592 737 1614 ‚
767 1575 844 1606 seu
862 1566 968 1607 tubo
993 1566 1210 1621 ignivomo
1227 1596 1243 1617 ‚
1274 1566 1491 1608 tractando
1514 1576 1609 1607 tan·

305 1650 349 1683 ta
379 1633 624 1680 dexteritate
655 1630 848 1685 valebat,
881 1643 927 1676 ut
964 1650 1081 1679 avem
1120 1638 1311 1690 quamvis
1347 1651 1452 1693 vage
1476 1636 1615 1680 varie-

314 1723 396 1764 que
433 1705 678 1750 volitantem
708 1701 880 1748 feriret:
913 1716 1051 1750 tamen
1079 1710 1102 1751 a
1136 1711 1266 1764 longo
1294 1711 1389 1753 inde
1419 1720 1614 1763 tempore

314 1777 605 1834 repudiaverat
621 1775 749 1830 hujus
776 1775 1011 1820 venationis
1035 1780 1382 1824 consuetudinem
1397 1811 1412 1833 ‚
1437 1790 1485 1822 ut
1505 1778 1612 1834 ipsis

315 1848 588 1896 venatoribus
618 1845 851 1889 temeritate
878 1860 924 1890 ac
953 1850 1210 1905 negligentia
1241 1851 1443 1894 comitum
1468 1849 1620 1893 exitio·

317 1936 432 1973 sam,
468 1932 506 1961 et
533 1920 623 1970 ipse
661 1931 861 1971 praesens
898 1921 1126 1975 aliquando
1158 1934 1355 1975 expertus
1383 1936 1482 1964 casu
1501 1920 1624 1963 fami-

319 1992 436 2037 liaris
462 1988 646 2032 hominis
666 2019 681 2041 ,
715 1990 737 2031 ἡ
761 1989 914 2032 comite
930 2020 944 2042 ,
988 1994 1224 2044 sclopetum
1251 1993 1417 2035 incaute
1441 2002 1624 2035 tractan-

325 2078 395 2118 te,
427 2060 644 2105 mortifera
662 2060 886 2104 emissione
899 2062 1124 2104 vulnerati.
1167 2063 1300 2115 Igitur
1315 2075 1403 2104 non
1427 2061 1509 2104 nisi
1529 2075 1626 2104 ver·

331 2135 439 2190 tagis
463 2132 659 2174 utebatur
678 2163 692 2184 ,
727 2132 866 2184 iisque
895 2130 1064 2174 nomina
1101 2131 1316 2184 ponebat,
1350 2144 1400 2174 ex
1428 2145 1632 2186 praecep-

333 2216 378 2248 to
410 2200 711 2257 Xenophontis
748 2202 941 2255 (124),
973 2200 1135 2244 Graeca
1169 2202 1402 2256 disyllaba,
1444 2215 1629 2254 sonora,

334 2287 439 2328 quae
464 2272 585 2316 facile
619 2274 669 2315 ad
699 2285 821 2316 aures
855 2285 1006 2314 canum
1044 2273 1293 2317 acciderent.
1351 2272 1411 2315 Et
1437 2286 1538 2316 vero
1566 2285 1634 2315 ca-

336 2360 409 2391 ries
438 2358 486 2388 ex
509 2346 590 2388 hoc
619 2358 773 2400 genere
809 2343 986 2388 habebat
1011 2347 1226 2402 egregias,
1257 2347 1299 2390 in
1334 2347 1470 2399 iisque
1496 2356 1632 2387 emen-

1532 2414 1594 2458 dis
1613 2442 1632 2467 ,

384 2512 406 2561 (
429 2525 492 2551 122
513 2511 530 2559 )
561 2514 618 2552 De
643 2512 874 2559 Venatione‚
902 2523 948 2560 3,
976 2515 1013 2554 6.

385 2578 401 2621 (
428 2576 535 2621 193)
566 2577 605 2614 In
631 2578 725 2613 libro
755 2578 812 2615 De
833 2579 1050 2619 venatione.

386 2639 496 2686 (¹24
517 2650 535 2686 )
564 2639 704 2679 Ibidem
723 2668 735 2688 ,
759 2654 808 2691 7,
833 2653 870 2690 5.
