1879 3160
370 211 657 258 VITAM
715 214 1246 265 RUHNKENII.
1395 231 1483 278 375

174 337 405 390 Ceterum,
437 338 490 381 de
510 339 720 393 Analogia
737 368 754 391 ‚
786 351 924 392 quae,
957 349 1007 382 ut
1034 340 1262 385 Homerice
1284 340 1481 398 dicatur,

176 419 243 453 est
266 411 387 463 quasi
413 412 565 465 λόχος,
599 409 674 455 ἔνθ’
707 409 732 453 δ’
745 441 760 462 ,
804 428 851 454 τε
882 413 1008 460 δειλὸς
1043 415 1170 466 ἀνὴρ,
1200 412 1288 458 ὅστ’
1309 415 1480 467 ἄλκιμος

174 481 438 534 ἐξεφαάνθη,
470 482 633 534 legatur
654 479 865 523 Biblioth.
893 481 1008 524 Crit.
1029 482 1080 524 P.
1105 484 1160 529 X.
1194 498 1240 539 p.
1271 498 1350 539 124
1378 498 1451 539 sq.

232 554 346 597 Ibid.
389 553 500 596 Not.
545 562 616 606 15.
676 551 985 607 Praesertim]
1054 553 1240 598 Notavit
1279 554 1479 602 Lindem.

172 624 393 679 corrigens
419 625 466 665 in
483 624 659 679 primis.
722 623 807 666 Sed
829 623 919 668 vid.
945 635 1074 675 supra
1096 623 1207 666 dicta
1233 626 1285 667 ad
1313 639 1359 680 p.
1395 640 1440 670 2.

232 697 284 738 Ρ.
316 697 385 740 23.
446 693 629 738 Critica.
689 695 836 747 Haec,
867 705 915 738 ut
948 708 1091 737 nomen
1114 694 1266 750 habet,
1298 699 1364 740 ita
1382 692 1487 756 pro-i

167 765 377 819 ficiscitur
396 781 424 809 a
438 765 701 821 judicando,
727 767 835 822 cet.]
881 766 958 810 Cf.
994 766 1145 810 similis
1174 767 1406 821 descriptio
1437 767 1483 811 in

170 839 303 892 Elog.
328 839 498 882 Hemst.
532 851 577 890 p.
601 851 649 892 9.
682 849 724 884 et
751 838 965 882 Biblioth.
992 839 1105 883 Crit.
1136 839 1188 882 P.
1212 840 1248 882 I.
1282 852 1331 893 p.
1362 850 1409 894 5.

230 910 344 952 Ibid.
403 909 596 950 Secutum
631 919 672 953 et
713 920 943 952 assecutum
973 909 1085 965 esse]
1143 910 1365 954 Diversam
1389 924 1486 955 ver-

175 983 328 1026 borum
352 983 438 1025 vim
463 981 623 1024 tirones
648 987 835 1022 teneant.
894 981 1147 1037 Sequimur,
1181 994 1289 1033 quae
1309 982 1487 1035 assequi

178 1056 407 1098 volumus:
448 1053 744 1108 assequimur,
777 1064 886 1104 quae
916 1053 1136 1106 sequendo
1169 1051 1394 1095 consecuti
1416 1064 1490 1093 su-

174 1134 288 1166 mus.
364 1122 441 1166 Cf.
487 1121 639 1165 similis
684 1121 736 1162 de
777 1120 1114 1174 Wyttenbachio
1161 1123 1293 1167 dictio
1318 1155 1335 1178 ,
1394 1123 1490 1170 Vit.

174 1191 408 1245 XVyttenb.
439 1205 488 1246 p.
519 1204 616 1247 113.

229 1263 281 1306 P.
312 1275 384 1320 29.
458 1265 669 1317 Εὐκολίοι,
692 1261 935 1321 facilitas]
995 1266 1060 1310 De
1088 1279 1172 1319 qua
1198 1264 1393 1320 pluribus
1423 1265 1489 1310 in·-

173 1336 240 1378 fra
275 1348 323 1388 p.
361 1336 462 1378 266.
507 1333 646 1376 Conf.
685 1347 815 1387 porro
849 1337 1001 1391 jocose
1034 1339 1195 1389 scripta
1228 1348 1252 1378 a
1287 1335 1493 1389 NVytten-

177 1405 332 1448 bachio
356 1405 407 1448 ad
424 1404 466 1459 J.
491 1403 871 1460 Valckenaerium,
904 1407 948 1452 in
975 1409 1075 1451 Vita
1097 1409 1245 1462 Wytt.
1271 1420 1317 1461 p.
1351 1419 1449 1463 199.

231 1479 283 1521 P.
317 1492 390 1533 30.
449 1475 509 1517 Ut
531 1489 624 1517 cum
652 1475 688 1516 T
687 1476 787 1517 allio
810 1477 994 1533 loquar]
1054 1479 1159 1522 Vid.
1185 1490 1314 1532 supra
1339 1490 1384 1530 Ρ.
1419 1491 1492 1525 11.

233 1548 286 1590 P.
322 1558 393 1598 31.
455 1545 531 1587 Ad
571 1546 643 1587 hoe
677 1547 797 1601 vul-{gi
830 1547 1140 1603 praejudicium
1165 1561 1293 1603 quum
1326 1549 1495 1592 accede·

176 1628 243 1664 ret
257 1616 470 1672 judicium
497 1628 746 1671 magnorum
773 1617 1000 1672 virorum]
1039 1618 1358 1673 Praejudieium
1388 1622 1487 1671 h.1‚‚

179 1701 247 1737 est
277 1688 528 1732 antecedens
562 1700 610 1729 ac
643 1686 781 1730 levius
807 1687 925 1741 vulgi
956 1690 1192 1744 judicium,
1225 1689 1343 1741 quod
1372 1691 1492 1734 dein-

177 1761 231 1802 de
273 1758 466 1813 graviore
511 1769 759 1811 magnorum
794 1758 987 1802 virorum
1012 1759 1181 1814 judicio
1221 1768 1261 1800 et
1303 1762 1489 1803 auctori-

178 1842 264 1874 tate
290 1829 637 1873 confirmabatur.
699 1827 820 1872 Alibi
849 1828 987 1871 minus
1013 1830 1194 1882 Latine,
1225 1831 1359 1874 instar
1383 1833 1488 1877 Gal÷

177 1904 250 1947 lici
274 1900 522 1959 prejudice‚
565 1901 609 1944 in
646 1903 792 1944 malam
836 1911 997 1955 partem
1034 1898 1248 1953 sumitur,
1279 1901 1331 1944 de
1366 1916 1489 1957 prae.

174 1984 378 2027 occupata
395 2004 411 2027 ,
445 1985 552 2026 quae
575 1973 658 2015 dici
684 1974 823 2024 solet,
848 1971 1070 2026 opinione.

229 2045 346 2088 Ibid.
406 2044 469 2087 Et
491 2043 777 2102 praeponebat
799 2053 840 2087 et
871 2046 917 2086 in
941 2042 1170 2100 exemplum
1189 2044 1483 2103 proponebat]

176 2118 362 2172 Elegans
386 2118 508 2159 lusus
531 2116 576 2160 in
600 2117 791 2159 diversae
814 2115 1041 2169 potestatis
1066 2116 1209 2158 verbis
1225 2126 1488 2174 praeponere

176 2199 221 2236 et
245 2199 509 2245 proponere,
540 2189 665 2243 cujus
701 2184 861 2229 similes
889 2186 996 2230 alios
1019 2187 1176 2241 passim
1212 2186 1488 2240 frequentare

178 2259 345 2303 solebat
371 2256 759 2313 Wyttenbachiusz
803 2258 928 2312 qu'us
961 2269 1010 2303 ut
1038 2262 1271 2308 multorum
1307 2257 1488 2301 aliorum

180 2327 366 2373 orationi
406 2325 704 2385 praeponenda
747 2336 813 2368 est
847 2328 983 2371 oratio
1012 2360 1028 2383 ‚
1069 2329 1128 2371 ita
1172 2327 1405 2384 juvenibus
1441 2325 1488 2377 in

182 2401 422 2454 exemplum
441 2396 742 2455 proponenda,
775 2398 892 2451 quod
913 2413 1009 2442 curn
1035 2400 1187 2454 cupide
1211 2400 1485 2454 intueantur,

178 2483 269 2522 tum
299 2470 488 2515 studiose
514 2470 749 2514 imitentur.

235 2543 346 2595 Ibid.
408 2540 590 2589 Factum
623 2548 710 2593 est,
750 2548 799 2582 ut
828 2561 884 2572 -—-
906 2548 1105 2593 parentes
1139 2551 1230 2587 oum
1258 2537 1363 2591 filiis
1399 2551 1485 2587 mo.

820 2610 896 2661 Aa·
924 2623 949 2670 4
1391 2620 1489 2663 rem
