1879 3160
400 307 483 357 358
678 293 1279 339 ANNOTArto
1337 284 1414 340 An

403 435 490 475 quo
522 416 671 461 scribit
709 416 817 460 infra
854 415 1214 470 Wyttenbachius
1246 427 1292 468 p.
1323 428 1392 472 19.
1454 417 1537 462 Est
1561 430 1700 464 autem

399 490 469 533 hic
505 499 628 530 verus
664 488 994 541 enthusiasmus,
1036 501 1161 541 quem
1196 488 1314 529 nulla
1343 499 1430 532 arte
1465 491 1701 543 accepimus

400 566 473 600 aut
507 556 759 611 didicimus,
791 559 866 600 sed
900 559 950 600 ab
989 558 1080 610 ipsa
1115 568 1262 601 natura
1296 559 1512 602 hausimus
1540 568 1582 601 et
1601 562 1704 602 arri·-

399 627 572 682 puimus
602 641 617 680 3
667 628 803 680 probe
840 629 1123 671 secernendus
1156 643 1180 671 a
1204 629 1321 683 falso
1345 661 1361 683 ,
1419 641 1542 682 quem
1582 630 1706 672 multi

399 698 505 742 oriri
530 700 650 754 aJunt
687 711 737 740 ex
773 697 892 741 vanis
931 699 1263 753 magistellorum
1300 699 1701 752 acclamationibus,

401 768 557 823 quovis
587 771 687 812 loco
713 771 1005 824 crepantium:
1039 771 1148 816 En!
1176 786 1300 828 quam
1312 773 1510 829 pulcrum
1529 777 1548 816 !
1577 785 1706 827 quam

397 847 650 887 venustum!
695 856 822 899 quam
858 844 1050 898 elegam!
1110 843 1239 886 Hunc
1272 843 1366 886 aiiis
1398 838 1515 886 locisv
1541 843 1708 886 notavit

399 914 794 968 Wyttenbachius‚
836 913 945 956 infra
976 926 1023 967 p.
1051 912 1149 958 161·
1179 913 1362 959 Praefat.
1406 917 1458 959 ad
1488 915 1705 957 Phaedon.

399 999 450 1042 p.
474 1000 546 1030 vl.
579 987 670 1028 sive
707 984 874 1039 opusc.
898 983 957 1026 V.
983 985 1039 1028 II.
1069 997 1117 1038 p.
1148 987 1219 1038 89.
1262 985 1472 1029 Biblioth.
1513 984 1626 1028 Crit.
1656 985 1708 1029 P.

398 1057 483 1102 IV.
512 1070 557 1110 p.
589 1059 644 1110 87
669 1069 771 1109 sqq.
831 1052 907 1096 Cf.
940 1052 1042 1095 Vita
1064 1053 1292 1109 Wyttenb.
1326 1072 1372 1113 p.
1397 1071 1474 1104 21.

456 1128 510 1172 P.
544 1142 614 1172 10.
676 1126 753 1168 Ad
771 1123 1021 1166 nascendam
1043 1126 1217 1170 eliciant
1236 1142 1471 1171 -nascens
1488 1127 1712 1181 juvent—2

398 1211 549 1244 natum
572 1198 730 1252 alant]
790 1197 851 1239 Et
874 1195 947 1238 hic
974 1194 1242 1248 singulorum
1261 1200 1487 1243 verborum
1502 1227 1519 1250 ,
1544 1194 1628 1238 sibi
1645 1194 1711 1236 in-.

399 1272 539 1315 vicem
578 1269 959 1323 respondentium,
1001 1277 1196 1311 teneatur
1228 1269 1467 1322 proprietas
1507 1264 1712 1319 acsigni÷

400 1340 574 1393 ficatio,
607 1352 703 1382 cum
726 1340 908 1395 eleganti
931 1341 1175 1396 gradatione
1196 1342 1440 1396 conjuncta.

455 1411 571 1455 Ibid.
629 1410 770 1465 Mox]
830 1411 931 1454 Fuit
955 1412 1070 1465 hoc,
1103 1422 1152 1454 ut
1183 1412 1384 1464 videtur,
1418 1411 1540 1454 XVI.
1563 1405 1713 1452 aetatis

401 1494 543 1528 anno:
576 1482 666 1526 vid.
699 1493 807 1533 quae
834 1483 887 1524 ad
907 1495 1006 1536 pag.
1033 1493 1127 1533 seq.
1157 1480 1333 1523 dicenda
1353 1492 1493 1525 erunt.

460 1555 525 1596 Ρ.Δ
548 1564 617 1595 11.
680 1550 765 1595 Sed
803 1547 1035 1601 Kamium,
1074 1558 1152 1592 cet.
1183 1570 1240 1581 —
1266 1549 1560 1606 celebratura]
1629 1550 1714 1602 Est}

406 1624 477 1666 hic
502 1635 613 1666 unus
635 1623 687 1665 de
724 1620 863 1664 tribus
899 1619 984 1662 illis
1016 1618 1143 1660 Vitae
1175 1619 1423 1663 Ruhnkenii
1450 1622 1586 1674 locis,
1619 1621 1714 1674 qui-

403 1696 487 1738 bus
529 1707 645 1737 suam
683 1695 735 1736 de
772 1691 978 1735 Kantiana
1016 1690 1178 1733 ratione
1215 1693 1463 1736 sententiam
1501 1693 1712 1747 primurn,

408 1773 613 1818 quantum
639 1763 839 1808 novimus
856 1794 873 1818 ,
903 1762 1076 1818 publice
1105 1762 1331 1817 professus
1362 1774 1427 1806 est
1454 1763 1713 1818 WVyttenba-

403 1837 530 1883 chius
549 1867 564 1889 ,
592 1836 800 1888 idoneus,
827 1835 864 1877 si
893 1834 1116 1887 quisquam
1134 1834 1271 1887 alius,
1297 1834 1442 1877 harum
1467 1848 1605 1879 rerum
1625 1834 1712 1876 exi-

406 1907 629 1959 stimator,
665 1907 824 1959 quique
848 1908 930 1961 J'am
971 1919 1045 1959 per
1071 1905 1251 1947 sedecim
1284 1919 1487 1949 annorum
1529 1907 1710 1960 spatium

406 1978 612 2032 Logicam
641 1989 682 2020 et
711 1975 1050 2029 Metaphysicam
1074 1975 1260 2025 aliasque
1293 1975 1593 2028 Philosophiae
1619 1990 1712 2028 par-

410 2061 477 2094 tes
502 2050 546 2093 in
568 2051 724 2093 illustri
744 2045 1199 2092 Amstelodameusium
1213 2044 1431 2087 Athenaeo
1449 2047 1705 2090 tradidisset.

406 2122 534 2165 Alter
563 2123 686 2163 loeus
718 2130 783 2163 est
812 2118 951 2168 infra,
986 2130 1030 2169 p.
1056 2119 1137 2158 61:
1171 2116 1352 2169 tertius,
1384 2130 1431 2170 p.
1465 2130 1563 2161 111.
1624 2118 1709 2160 His

407 2192 593 2245 denique
612 2199 786 2242 quartus
823 2190 945 2231 etiam
981 2188 1176 2230 accedere
1207 2197 1384 2240 potest,
1417 2189 1490 2241 qui
1519 2189 1714 2242 sequitur

410 2276 510 2307 mox
538 2276 584 2316 p.
612 2263 679 2304 16.
713 2260 786 2303 ubi
832 2261 1028 2304 universe
1071 2260 1121 2300 de
1155 2258 1432 2312 philosophia
1473 2262 1712 2313 disserem,

413 2334 515 2389 quid
539 2335 591 2377 de
616 2334 757 2377 Kantii
783 2332 1006 2386 disciplina
1032 2331 1238 2387 sentiret,
1275 2332 1465 2383 quamvis
1493 2333 1590 2386 ipso
1623 2343 1712 2374 non

409 2406 659 2458 nominato,
701 2404 812 2447 haud
846 2405 1031 2447 obscure
1070 2414 1207 2445 tamen
1239 2403 1514 2457 significavit.
1586 2401 1709 2457 Quos

411 2482 565 2530 locos,
597 2490 686 2521 non
714 2477 841 2519 modo
866 2475 1175 2530 elegantissime
1194 2507 1210 2528 ,
1243 2476 1317 2517 sed
1345 2475 1467 2516 etiam
1493 2471 1710 2515 verissime

411 2548 596 2599 scriptos
615 2579 631 2601 ,
665 2561 789 2601 quam
819 2560 954 2600 aequo
981 2546 1119 2589 animo
1146 2548 1191 2589 in
1212 2546 1302 2601 ipsa
1329 2544 1580 2593 Germania,
1611 2543 1712 2585 Phi-

410 2617 632 2669 losophiae
674 2619 904 2661 Kantianae
939 2617 1106 2670 patria,
1145 2618 1319 2664 tulerint
1357 2627 1450 2656 cum
1485 2611 1588 2664 aliis
1619 2620 1709 2654 tum

411 2698 512 2728 vero
550 2686 592 2728 in
629 2688 774 2740 primis
824 2689 917 2743 ipse
970 2691 1182 2745 Kantius,
1229 2689 1300 2734 cui
1337 2686 1573 2739 exemplum
1611 2683 1709 2726 libri

1637 2767 1711 2798 au-
