1879 3160
289 215 370 275 ,τιν’
646 223 1233 281 PRAEFATIO.

301 383 329 406 „
356 351 510 395 datior.
567 349 649 391 Vel
686 348 748 390 sic
782 357 918 391 tamen
956 350 994 391 ei
1027 362 1117 393 non
1156 351 1356 396 sentienti
1397 357 1594 409 quaedam

308 460 334 482 „
365 428 504 480 minus
545 426 697 478 Latina
741 436 1059 476 surrepserunt.
1130 427 1250 483 Quae
1296 444 1350 473 ne
1391 434 1599 489 juveneS,

308 503 522 557 „quibus
556 502 662 542 hanc
692 500 935 543 Editionem
975 505 1248 558 comparavi,
1280 516 1477 561 tanquam
1503 523 1604 564 pro-

304 611 332 634 „
364 582 418 620 be
448 578 557 619 dict-a
585 574 819 628 arripiant,
853 576 935 618 feci
974 578 1114 632 idem,
1149 582 1264 633 quod
1296 584 1361 625 vir
1388 584 1431 627 in
1456 586 1606 638 paucis

307 686 335 709 „
365 654 516 696 Latine
559 651 710 692 doctus
735 681 752 704 ‚
806 651 1138 707 Lagomarsimcs
1179 657 1223 700 in
1258 659 1376 714 Julii
1422 660 1604 716 Pogiani

307 762 335 786 ‚‚
365 727 580 783 Epistolis
614 727 784 769 edendis
823 727 952 780 fecit,
984 740 1032 772 ut
1070 731 1113 774 in
1145 733 1299 776 talibus
1335 735 1468 788 locis,
1504 737 1607 789 quid

309 839 336 861 „
367 803 611 848 Latinitatis
623 803 729 863 ratio
747 806 987 857 postularet
1006 835 1021 857 ,
1049 806 1233 849 breviter
1249 821 1480 852 monerem.
1498 811 1528 829 '’
1560 813 1607 854 ln

306 896 428 936 quam
444 882 579 923 bonae
595 877 835 921 Latinitatis
861 880 1023 922 laudem
1050 894 1210 934 quum,
1242 882 1285 924 in
1308 885 1454 936 paucis
1480 886 1572 927 aliis
1588 916 1604 938 ‚

308 958 428 1012 quasi
457 955 699 998 hereditans
739 956 918 1008 quodam
943 959 1040 1011 jure
1058 988 1074 1009 ‚
1119 958 1296 1001 Murato
1325 961 1612 1003 successerint

304 1036 539 1086 Ernestus,
572 1032 875 1084 Ruhnkenius,
908 1031 1243 1086 Wyttenbaclzius
1263 1064 1280 1087 ‚
1316 1036 1418 1087 quid
1452 1049 1609 1089 quaeso

309 1111 360 1154 ab
387 1110 596 1163 aequitate
619 1118 661 1150 et
686 1105 943 1149 humanitate
978 1109 1156 1152 alienius
1196 1111 1427 1164 excogitari
1455 1122 1610 1164 queat,

313 1199 434 1238 quam
463 1185 610 1227 talium
634 1183 823 1226 virorum
847 1196 986 1225 manes
1008 1184 1325 1238 imprudenter,
1356 1196 1483 1239 atque
1508 1189 1612 1229 adeo

306 1262 572 1314 impudenter
597 1259 789 1313 laedere,
817 1271 887 1311 ct,
921 1261 1036 1311 quod
1063 1261 1108 1303 in
1137 1260 1263 1303 simili
1292 1274 1337 1303 re
1360 1261 1444 1304 dici
1470 1264 1613 1317 solet,

306 1338 436 1380 stellis
449 1336 640 1378 nebulam
665 1335 912 1392 adspergere
933 1331 1164 1380 candidis*
1193 1337 1293 1389 quid
1311 1348 1461 1381 contra
1484 1339 1615 1393 magis

304 1426 485 1466 aequum
513 1422 554 1454 et
576 1423 903 1455 consentaneum
920 1444 935 1465 ,
964 1425 1086 1465 quam
1116 1425 1260 1455 eorum
1287 1414 1402 1456 omni
1428 1415 1554 1457 modo
1573 1425 1616 1457 et

307 1490 471 1533 ratione
488 1489 780 1532 auctoritatem
804 1490 927 1542 sequi
955 1500 996 1530 et
1012 1489 1146 1531 tueri:
1179 1499 1250 1531 aut
1266 1519 1281 1542 ,
1308 1489 1343 1531 si
1366 1489 1478 1532 forte
1493 1490 1534 1533 in
1552 1500 1618 1532 er-

311 1579 408 1608 rore
427 1566 794 1619 deprehendantur
809 1594 825 1616 ,
847 1565 1037 1607 modeste
1053 1595 1068 1617 ,
1100 1566 1274 1607 candide
1292 1595 1307 1617 ,
1340 1566 1587 1620 simpliciter
1600 1596 1615 1618 ,

309 1653 351 1684 at
376 1643 504 1685 simul
530 1642 651 1686 etiam
683 1641 817 1684 invito
852 1653 892 1683 ct
915 1654 1011 1682 cum
1046 1642 1226 1694 quodam
1254 1641 1415 1684 doloris
1447 1654 1576 1684 sensu
1599 1669 1615 1694 ,

309 1732 481 1761 monere
503 1719 554 1760 de
573 1718 624 1760 iis
639 1748 656 1772 ‚
691 1731 797 1771 quae
814 1718 898 1760 illis
926 1718 1016 1759 sive
1035 1717 1317 1771 prudentibus
1344 1717 1432 1759 sive
1454 1717 1616 1770 imprua

311 1795 507 1837 dentibus
523 1795 661 1836 minus
684 1795 792 1836 bene
818 1795 929 1836 dicta
951 1793 1215 1835 exciderint?
1248 1793 1368 1848 Quae
1391 1792 1619 1834 modestiae

313 1860 358 1914 et
379 1869 655 1912 verecundiae
677 1869 932 1922 significatio
969 1881 1020 1911 an
1055 1869 1098 1910 in
1133 1869 1240 1910 istos
1276 1869 1423 1919 cadat,
1450 1883 1613 1921 necne,

315 1947 504 1990 novitios
541 1945 898 1998 reprehensores,
940 1944 1118 1986 aliorum
1161 1943 1459 1998 sitjudicium.
1521 1945 1619 1988 Nos

317 2023 485 2075 quidem
501 2053 515 2074 ,
546 2021 584 2064 si
607 2034 652 2063 ea
676 2021 882 2062 modestia
911 2022 1096 2064 vocanda
1115 2021 1200 2072 sit,
1232 2032 1482 2073 magnorum
1507 2021 1621 2064 viro-2

315 2111 408 2140 rum
435 2098 545 2139 dicta
569 2097 764 2141 censoria
790 2097 954 2152 virgula
980 2107 1134 2140 temere
1158 2107 1335 2150 notare,
1365 2097 1619 2150 eosdemque

312 2172 603 2228 ignorantiae,
646 2174 883 2227 barbariei,
930 2173 1202 2225 soloecismi,
1247 2182 1289 2214 et
1328 2172 1473 2214 nescio
1513 2186 1622 2225 quo-

319 2263 509 2294 rumnam
549 2251 713 2294 tandem
748 2263 936 2293 errorum
977 2251 1150 2304 impune
1185 2260 1386 2304 arguere3
1434 2249 1537 2303 quid
1571 2263 1620 2291 eo

322 2327 494 2369 nomine
521 2327 814 2382 significetur,
860 2341 940 2370 nos
975 2329 1094 2370 nullo
1133 2327 1259 2368 modo
1293 2324 1528 2380 intelligere
1559 2328 1623 2368 ul-

322 2413 390 2445 tro
427 2403 624 2448 fatemur.

377 2481 579 2522 Ceterum
604 2483 657 2523 de
680 2482 757 2524 hac
783 2491 928 2524 nostra
947 2479 1191 2524 Annotandi
1222 2491 1351 2533 opera
1372 2479 1456 2520 duo
1485 2477 1620 2518 adhuc

323 2554 368 2598 in
403 2556 647 2599 universum
688 2569 922 2601 teneantur.
992 2556 1208 2606 Primum,
1240 2569 1326 2599 non
1359 2555 1461 2597 adeo
1487 2554 1624 2595 doctis

324 2640 366 2674 et
390 2631 566 2674 eruditis
605 2633 881 2688 scripsimus,
929 2646 1052 2688 quam
1089 2631 1333 2686 tironibus,
1380 2628 1517 2682 iisque
1550 2629 1625 2681 qui

1564 2706 1632 2746 ad·
