1879 3160
333 203 414 259 328
609 190 1341 243 ANNOTATIOAD

334 332 467 368 mente
493 328 622 374 supra
648 315 877 357 humanam
902 324 1052 357 sortem
1077 323 1247 366 evecta,
1278 325 1319 357 et
1343 317 1543 361 immensa
1569 332 1637 361 re·

335 390 524 436 conditae
549 385 798 429 eruditionis
821 387 967 442 copia,
999 385 1197 427 Leidensi
1227 385 1480 430 Academiae
1503 391 1636 432 Scali-

332 473 479 520 gerum
495 489 513 513 ,
546 458 801 501 Salmasium
818 487 834 511 ,
867 467 906 500 et
946 457 1154 514 qm'dqm'd
1183 458 1293 500 alias
1322 459 1538 515 praeclari
1563 461 1639 501 ha-

337 534 427 575 buit
444 560 462 584 ,
490 530 597 572 solus
626 529 784 573 reddit.

395 603 447 647 P.
477 605 551 658 48.
611 598 681 642 De
718 613 872 642 summo
910 599 1173 644 Latinarum
1207 603 1433 645 literarum
1469 599 1639 655 studio]

339 672 620 717 Desideratur
646 670 690 713 in
707 670 932 714 Matthiaei
964 673 1062 715 edit.
1086 686 1173 715 vox
1201 673 1464 715 Latinarum
1478 686 1494 714 .·
1526 672 1645 725 quod

340 744 517 787 miratus
559 756 646 786 non
673 741 830 785 fuisset
861 753 1017 783 censor
1042 742 1262 796 Jenensis.‚
1294 745 1330 786 si
1367 757 1450 786 eam
1490 755 1644 786 contu-

336 816 461 860 ]isset
485 827 580 857 cum
604 812 748 867 priore
777 810 932 853 Batava
959 823 997 855 a.
1027 814 1155 865 1807.
1192 815 1302 856 unde
1324 814 1421 856 item
1457 815 1642 868 excidit,

342 899 385 932 et
416 901 468 930 ex
496 899 578 940 qua
612 896 729 928 suam
763 881 933 924 duxisse
958 882 1125 926 videtur
1150 885 1386 928 Germanus
1413 885 1584 927 Editor.

395 958 447 1002 P.
479 970 554 1011 49.
629 955 753 996 Sacco
789 952 962 1009 funde]
1036 956 1340 1009 Proverbia1e‚
1385 958 1554 999 ductum
1595 957 1647 998 de

342 1030 511 1074 Graeco
538 1028 784 1078 Corinnae,
809 1030 862 1079 τᾷ
883 1026 985 1078 χειρὶ
1011 1030 1208 1075 σπείρειν,
1238 1027 1331 1078 μηδ’
1352 1029 1428 1078 ὅλῳ
1445 1032 1498 1081 τῷ
1525 1030 1648 1070 Ouani-

343 1118 400 1155 ,ιφ
417 1129 433 1153 ,
465 1097 581 1151 quod
607 1096 716 1139 inter
737 1095 966 1138 Proverbia
990 1094 1171 1136 Meu-ica
1196 1100 1339 1141 retulit
1369 1101 1424 1142 A.
1442 1100 1647 1141 Schottus

344 1185 412 1216 VS.
452 1171 550 1224 836.
602 1182 649 1223 p.
687 1170 791 1211 622.
848 1175 889 1207 et
936 1169 1282 1211 commemoravit
1325 1167 1648 1210 Valckenaerius

345 1240 488 1284 Diatr.
527 1237 681 1290 Eurip.
719 1246 916 1280 exeunte.
990 1239 1151 1281 Eodem
1190 1238 1287 1279 alibi
1326 1237 1457 1279 utitur
1498 1239 1650 1280 Ruhn-

347 1309 501 1354 kenius
519 1339 535 1363 ,
565 1307 746 1351 Praefat·
769 1310 818 1350 ad
836 1309 1042 1351 Scheller.
1070 1310 1237 1362 Opusc.
1272 1308 1330 1351 T.
1348 1310 1403 1351 1..
1434 1324 1478 1362 p.
1496 1323 1595 1362 703.

405 1383 458 1426 P.
492 1393 563 1436 52.
626 1380 757 1422 Nosse
782 1378 914 1422 modos
931 1379 1308 1435 permutandormn
1333 1383 1377 1420 in
1404 1381 1522 1423 libres
1546 1383 1658 1437 pris-

348 1453 408 1494 cis
427 1449 644 1493 verborum
663 1479 678 1501 ‚
711 1451 813 1491 utile
837 1449 1046 1504 putabat:
1073 1448 1216 1502 caet.]
1249 1447 1618 1493 Hemsterhu'sium
1638 1482 1656 1503 ‚

351 1531 616 1563 communem
640 1519 892 1573 doctorem,
929 1519 1279 1573 quemadmodum
1309 1521 1440 1561 secuti
1467 1521 1656 1573 fuerint,

354 1591 468 1634 inter
492 1602 547 1640 ,se
594 1591 908 1634 consentientes
958 1589 1156 1642 discipu1i
1184 1621 1198 1642 ‚
1247 1589 1573 1634 Vahkenaerius
1615 1603 1657 1633 et

353 1660 679 1716 Ruhnkenius3
723 1662 886 1714 discant
925 1659 1133 1715 ingeniosi
1186 1660 1506 1712 adolescentes,
1550 1661 1660 1703 facta

355 1733 486 1789 hujus
503 1732 589 1774 loci
613 1732 925 1786 comparatione
950 1730 1173 1772 cumillius
1198 1731 1388 1773 Diatribe
1411 1732 1663 1786 Euripidea,

360 1804 473 1858 Cap.
511 1803 652 1847 XXV.
690 1803 786 1847 init.
830 1815 871 1846 et
907 1805 1034 1858 hujus
1071 1802 1230 1844 ratione
1273 1816 1294 1844 a
1330 1804 1666 1858 XVyttenbaahio

362 1875 638 1928 adumbrata,
673 1874 763 1917 Vit.
793 1874 970 1918 Ruhnk.
1003 1888 1050 1928 p.
1083 1887 1154 1928 34.
1183 1886 1264 1925 ει)
1291 1887 1358 1926 sq.
1396 1888 1474 1926 234
1510 1887 1574 1925 sq.

417 1945 528 1990 Ibid.
587 1944 648 1986 Ut
673 1947 845 2002 quisque
870 1948 1106 2003 plurimum
1134 1957 1279 2001 operae
1314 1947 1360 1985 in
1387 1943 1662 1984 librariorum

367 2015 704 2061 aberrationibus
743 2020 936 2060 notandis
962 2020 1190 2073 posuisset,
1220 2019 1351 2070 iisque
1381 2015 1590 2068 margines
1615 2013 1668 2053 ll·

364 2087 535 2132 brorum
570 2088 804 2144 opplevisset
827 2119 844 2142 ‚
885 2090 949 2130 ita
997 2088 1155 2129 nullam
1209 2096 1451 2141 magnopere
1495 2082 1669 2124 critices

367 2158 531 2203 laudem
569 2160 728 2202 tulisset
755 2158 774 2213 ]
837 2157 1092 2211 Opportnne
1142 2157 1305 2199 monuit
1353 2157 1670 2204 Lindemannus

369 2232 529 2275 nullam
567 2242 813 2287 magnopere
853 2228 899 2269 h.
935 2230 968 2270 1.
1007 2227 1091 2280 vim
1128 2228 1279 2268 habere
1312 2227 1584 2280 superlativi,
1628 2237 1669 2269 et

368 2303 468 2356 plus
504 2302 607 2344 adeo
645 2301 725 2343 sibi
763 2302 871 2342 vesse
897 2330 912 2351 ,
958 2313 1078 2353 quam
1121 2299 1156 2341 si
1204 2298 1380 2340 dixisset
1429 2301 1670 2340 minimam:

371 2374 512 2417 minus
538 2384 650 2417 recte
691 2373 799 2416 idem
833 2372 1066 2427 judicavit,
1099 2383 1184 2411 non
1207 2369 1325 2412 aliter
1348 2368 1429 2411 dici
1458 2381 1583 2422 posse
1607 2367 1669 2409 vi-

374 2444 462 2486 deri
493 2475 508 2496 ,
553 2457 675 2499 quam
719 2453 766 2486 ut
815 2445 984 2500 quisque
1013 2442 1243 2497 [herimum
1275 2461 1326 2470 —
1355 2442 1420 2481 ita
1459 2441 1670 2481 minimam

374 2515 630 2572 plerumque.
702 2516 856 2569 Neque
902 2515 1008 2559 enim
1055 2514 1157 2555 adeo
1199 2511 1508 2554 similitudinem
1551 2510 1593 2552 h.
1638 2513 1670 2553 l.

380 2583 620 2639 Significant
649 2586 730 2631 sibi
765 2587 943 2632 invicem
975 2585 1277 2644 respondentes
1302 2583 1527 2638 particulae
1555 2592 1600 2624 ut
1620 2605 1675 2614 -

1608 2663 1670 2697 tta
