1879 3160
369 233 455 276 424
651 219 1394 269 ANNoTA'rroAn

367 346 483 390 nlum
513 343 693 393 attinet,
737 340 780 383 in
817 341 944 400 huJ‘us
978 343 1211 398 Opusculis
1247 349 1478 402 repetitae,
1525 352 1583 398 T.
1612 359 1670 400 Π,

367 430 416 471 p.
452 414 714 467 813—861.
788 413 946 468 Neque
990 415 1112 458 etiarn
1158 416 1307 459 attinet
1353 420 1675 474 Wyttenbachii

368 485 551 540 probare
590 484 742 538 fidem,
781 485 833 527 ab
869 486 1036 528 illarum
1083 486 1229 540 Epist.
1270 489 1430 532 editore
1461 490 1676 537 Germano

368 553 581 596 invidiose
620 567 693 595 acn-
711 566 866 598 temere
899 557 942 599 in
985 557 1159 600 dubium
1195 571 1417 606 vocatam:
1460 564 1583 618 qu'us
1618 565 1679 605 rei

365 626 494 670 nobis
523 625 656 667 otium
692 625 795 669 Fecit
829 639 981 671 auctor
1012 629 1260 684 Censurae,
1293 645 1388 674 cum
1423 632 1677 676 Batavorum

366 698 619 741 defensione
647 701 931 755 conjunctae,
974 700 1281 745 Philomathiae
1316 702 1373 745 L.
1402 704 1487 747 III.
1518 717 1564 756 p.
1595 715 1677 746 110

365 773 542 825 -183.
619 770 695 814 Cf.
743 770 924 814 Praefat.
977 770 1147 824 Opusc.
1201 771 1433 814 Ruhnken.
1487 785 1537 825 p.
1572 785 1674 816 Lrv.

363 843 505 899 Igitur
545 855 658 886 nunc
705 842 885 885 sufficiat
929 842 1124 885 universe
1163 855 1211 885 ac
1253 843 1438 885 breviter
1468 841 1677 885 indicasse

362 917 488 958 locos
539 913 677 967 i110S,
735 927 916 967 quorum
980 926 1077 956 curn
1131 926 1379 968 argumento
1425 914 1679 957 narrationis

364 983 780 1040 WVyttenbachianae
822 984 1091 1040 peculiariter
1124 988 1352 1042 conjuncta
1391 996 1455 1029 est
1490 986 1595 1029 ratio
1635 996 1679 1028 et

366 1056 643 1109 comparatio.
702 1055 822 1111 Ergo
851 1057 901 1099 de
929 1056 1070 1112 operis
1096 1059 1288 1112 suscepti
1321 1059 1483 1111 initiis,
1511 1058 1563 1101 ab
1589 1060 1675 1101 edi-

364 1127 496 1170 tionis
547 1127 808 1170 Graevianae
867 1128 1368 1180 Lugduni-Batavorum
1428 1130 1678 1184 repetendae

362 1198 773 1241 Luchtmansiorutn
811 1197 993 1240 consilio
1029 1198 1271 1253 profectis,
1325 1203 1487 1255 legatur
1521 1201 1675 1242 Ruhn-

363 1270 480 1312 kenii
509 1270 597 1323 Ep.
631 1271 669 1314 I.
713 1269 870 1322 scripta
912 1282 952 1314 a.
987 1273 1131 1322 1748,
1175 1273 1258 1322 qua
1285 1271 1530 1314 continetur
1559 1272 1676 1313 obla-

363 1351 454 1383 tum
505 1341 692 1384 Ernesto
730 1341 952 1396 specimen
993 1340 1350 1383 Emendationum
1396 1340 1440 1383 in
1481 1342 1679 1384 Callima-

365 1413 516 1454 chum:
569 1414 684 1465 quod
727 1425 850 1465 quam
891 1421 1052 1464 gratum
1097 1411 1293 1452 acciderit
1337 1411 1431 1453 viro
1469 1412 1678 1455 Ruhnke-

364 1482 424 1524 nii
455 1484 773 1535 amantissimo,
816 1489 983 1524 constat
1022 1492 1073 1521 ex
1107 1480 1195 1533 Ep.
1224 1481 1276 1522 ad
1311 1480 1466 1524 Ritter.
1498 1495 1545 1534 Ρ.
1575 1496 1675 1536 799.

363 1553 472 1596 Erat
504 1564 642 1595 antem
689 1554 772 1596 hoc
812 1552 1026 1607 specimen
1067 1551 1187 1603 quasi
1220 1551 1415 1605 prolusio
1456 1552 1605 1594 missae
1634 1567 1673 1597 a.

367 1637 497 1680 1751.
522 1627 573 1667 ad
594 1626 825 1668 Ernestum
844 1655 858 1676 ,
884 1636 1037 1665 novam
1062 1623 1314 1666 Callimachi
1338 1623 1561 1666 editionem
1586 1637 1673 1666 mc·

366 1696 600 1746 (litantem,
641 1697 864 1749 Epistolae
906 1693 1090 1736 Criticae
1117 1695 1175 1738 ΙΙ.
1219 1696 1270 1737 de
1302 1709 1385 1749 qua
1421 1709 1548 1749 supra
1586 1696 1673 1750 egit

367 1765 731 1821 XVyttcnbacliius
753 1779 799 1819 p.
816 1778 867 1820 41
888 1778 959 1817 sq.
983 1774 1024 1805 et
1037 1763 1224 1808 Ernesto
1247 1766 1421 1821 scripsit
1435 1767 1668 1811 Ruhnken.

368 1839 521 1892 Ep.11
549 1849 588 1880 et
612 1841 690 1884 Ili.
750 1835 829 1880 cf.
860 1833 1000 1878 Praef.
1040 1846 1184 1879 nostra
1211 1838 1261 1880 ad
1289 1838 1459 1892 Opusc.
1491 1853 1538 1894 p.
1565 1851 1670 1882 xm.

365 1909 434 1952 Dc
469 1911 678 1954 Codicum
726 1921 863 1952 autem
916 1905 1174 1960 scriptorum
1218 1908 1552 1960 collationibus,
1589 1909 1673 1950 Er-

367 1991 489 2025 nesto
523 1981 708 2035 oblatis,
743 1981 928 2032 itemque
953 1979 1258 2022 Annotationis
1286 1979 1368 2032 ipsi
1391 1978 1442 2020 ab
1466 1978 1671 2020 Ruhnke-

365 2052 439 2094 nio
468 2051 762 2104 suppeditatae
791 2049 1022 2097 subsidiis,
1055 2059 1344 2101 praeterquam
1380 2061 1429 2089 ex
1457 2048 1549 2101 ipsa
1575 2049 1674 2091 Cal-

365 2122 533 2166 limachi
563 2121 775 2173 editione,
819 2120 1072 2174 intelligitur
1104 2132 1199 2160 cum
1238 2121 1434 2162 universe
1471 2132 1521 2161 ex
1554 2132 1672 2162 com·

366 2191 563 2246 pluribus
593 2191 757 2234 illarum
787 2191 1079 2244 Epistolarum
1110 2190 1245 2243 locis;
1279 2200 1367 2232 tum
1414 2193 1668 2244 peculiarius

366 2276 416 2304 ex
455 2264 704 2306 schedarum
751 2261 1154 2306 Ruhnkenianarum
1203 2261 1429 2315 reliquiis,
1474 2276 1578 2315 quas
1626 2264 1669 2306 in

362 2335 540 2377 Ernesti
584 2335 765 2377 literaria
805 2332 1068 2387 supellectile
1110 2343 1325 2386 repertas,
1379 2333 1571 2385 quamvis
1614 2334 1666 2375 ab

364 2408 458 2461 ipso
504 2409 545 2450 in
581 2408 819 2450 adornanda
866 2406 1048 2448 editione
1087 2403 1309 2456 diligenter
1343 2404 1425 2458 J‘am
1460 2405 1666 2446 adhibitas

365 2490 406 2520 et
436 2482 561 2533 longe
595 2479 813 2520 maximam
848 2490 1006 2533 partem
1038 2478 1201 2526 editas,
1233 2475 1301 2515 vel
1324 2472 1384 2515 sic
1417 2485 1552 2519 tamen
1580 2490 1672 2517 rur-

364 2561 437 2591 sus
456 2552 586 2605 {totas
627 2562 814 2606 repetere
850 2551 1008 2606 placuit
1043 2550 1293 2594 Tittmanno
1335 2562 1380 2604 p.
1413 2562 1469 2606 92
1492 2572 1543 2587 --
1571 2564 1670 2601 117.

1573 2633 1674 2665 con-
