1879 3160
395 165 978 214 PRAEFATIO.
1244 175 1335 212 xvn

33 296 247 352 praemisit
267 326 280 348 ‚
325 293 683 343 praefatiuncula,
728 301 769 334 et
816 292 1036 336 coufirmat
1080 288 1336 345 wyttenba-

30 374 114 416 chii
146 372 326 416 narratio
351 371 442 412 Vit.
473 367 650 412 Ruhnk.
686 381 730 420 p.
763 381 861 420 141.

88 449 304 491 Habuerat
358 446 549 488 similiter
599 443 961 496 wyttenbachius
1020 450 1335 498 praeceptorem

30 522 333 567 Ruhnkenium
350 555 363 574 ,
399 519 723 563 Hemsterhusio
761 520 802 561 in
828 518 974 571 paucis
1000 519 1156 573 ingenii
1180 520 1338 562 doctri·

28 613 192 652 naeque
220 600 406 640 ubertate
427 597 664 651 proximum
682 626 696 646 ,
731 595 1008 647 eumdemque
1031 596 1139 636 haud
1173 595 1335 637 minore

24 675 76 717 ab
100 676 194 728 ipso
209 703 224 726 ,
247 686 368 726 quam
391 672 442 714 ab
461 671 721 714 Ruhnkenio
738 669 1084 712 Hemsterhusius
1099 700 1114 723 ‚
1141 682 1339 723 paternae

29 750 198 804 pietatis
224 749 376 792 affectu
398 749 580 790 cuitum.
623 747 764 801 Hujus
788 745 946 787 mortui
972 746 1211 788 memoriam
1239 759 1344 789 con·

29 835 308 877 servaturus,
362 823 680 877 praedicaturus
739 821 881 863 laudes
899 851 917 872 ‚
969 823 1337 864 commendaturus

29 902 295 953 exemplum,
339 910 561 941 successor
598 896 683 950 ipsi
724 897 1042 940 Amstelodumo
1079 895 1340 948 Lugdunum

30 975 311 1028 commigrans
330 1004 345 1025 ,
379 985 466 1025 quo
490 970 658 1013 felicius
691 983 827 1014 novae
850 970 1066 1014 cathedrae
1090 983 1242 1012 munus
1269 983 1343 1013 au-

30 1049 264 1104 spicaretur
278 1077 294 1100 ,
308 1046 415 1090 dixit
436 1044 488 1089 de
502 1045 777 1089 adolescentia
796 1047 1035 1089 Ruhnkem'i
1048 1048 1095 1088 in
1111 1046 1339 1103 exemplam

18 1125 234 1183 proposita
269 1120 590 1166 adolescentibus
629 1122 804 1166 Batavis
836 1120 1040 1165 bonarum
1087 1121 1342 1164 Literarum

28 1198 238 1244 studiosis.
308 1199 432 1243 Hanc
471 1197 542 1241 ille
581 1197 830 1242 Orationem
870 1211 989 1252 non,
1032 1205 1080 1241 ut
1121 1208 1238 1250 erat,
1282 1197 1340 1240 ita

32 1276 193 1329 edidit,
236 1275 312 1318 sed
349 1273 528 1317 formam
570 1274 660 1329 ejus
698 1274 760 1317 sic
799 1273 1066 1327 immutavit,
1108 1272 1342 1317 materiam·

33 1365 117 1407 que
138 1351 242 1395 adeo
266 1349 412 1402 auxit,
439 1358 487 1394 ut
507 1362 595 1394 non
616 1360 699 1393 tam
725 1351 792 1395 vel
816 1349 965 1394 Oratio
984 1381 998 1404 ,
1015 1352 1085 1393 vel
1098 1347 1309 1391 Laudatio
1325 1378 1343 1401 ,

31 1430 102 1472 vel
121 1427 324 1481 Elogium
359 1426 607 1478 videretur,
649 1426 726 1469 sed
758 1426 958 1469 Nat-rarle
987 1427 1038 1470 de
1060 1425 1163 1468 Vita
1190 1424 1348 1468 Ruhn-

31 1502 163 1547 kenii.
224 1501 353 1560 Quod
392 1501 474 1544 sibi
509 1501 620 1545 vitae
656 1502 795 1557 ipsius
830 1501 1162 1546 conscribendae
1186 1501 1344 1544 dudum

31 1588 153 1621 antea
185 1577 413 1621 consilium
454 1576 619 1631 fuisse,
663 1578 749 1634 ipsi
784 1579 887 1621 adeo
916 1577 1205 1633 Ruhnkenio‚
1245 1576 1344 1618 talia

34 1654 172 1698 minus
184 1653 442 1708 improbanti
458 1684 473 1707 ,
493 1667 616 1707 quam
630 1655 776 1708 potius
794 1666 937 1709 parum
953 1655 1145 1706 curanti,
1166 1652 1347 1695 subinde

32 1729 362 1785 significaverat.
417 1728 520 1771 Vid.
547 1729 649 1772 Vita
668 1728 848 1773 Ruhnk.
877 1743 922 1782 p.
951 1732 1048 1783 189.
1109 1728 1228 1782 Ergo
1257 1740 1347 1771 non

18 1809 215 1855 ,multum
241 1804 402 1848 diversa
437 1804 772 1857 Wyttenbachio
808 1803 891 1846 fuit
920 1803 1114 1846 laudandi
1141 1803 1348 1846 Ruhnke-

32 1882 124 1934 nii,
158 1892 281 1934 quam
310 1877 449 1921 fuerat
488 1877 747 1922 Ruhnkenio
772 1878 966 1922 laudandi
994 1878 1340 1933 Hemsterhusii,

35 1969 160 2000 causa
183 1968 229 1998 ac
254 1965 495 2009 temporum
524 1955 848 2009 opportunitas.

92 2032 208 2075 Haec
226 2032 276 2074 de
299 2044 443 2076 causa.
475 2032 546 2075 Ad
565 2031 790 2086 utriusque
812 2032 1025 2074 consiliam
1041 2032 1157 2086 quod
1173 2031 1343 2086 attinet,

37 2106 299 2152 Ruhnkenio
328 2107 494 2161 quidem
534 2121 621 2151 non
646 2107 689 2150 id
722 2106 833 2156 fuit,
863 2117 912 2149 ut
934 2107 1248 2153 Hemsterhusii
1283 2108 1350 2152 vi·

36 2193 120 2225 tam
156 2193 368 2236 narraret,
411 2184 486 2226 sed
514 2193 562 2225 ut
601 2183 708 2232 viri,
750 2182 906 2227 dlvinis
937 2183 1065 2227 animi
1101 2183 1348 2239 ingeniique

40 2258 166 2300 bonis
203 2259 429 2311 cumulati,
462 2272 600 2302 veram
623 2258 842 2314 imaginem
879 2258 1072 2304 referret.
1137 2260 1207 2302 Sic
1235 2259 1375 2302 enim'

44 2344 84 2376 et
114 2333 205 2388 ipse
248 2335 482 2388 sentiebat,
515 2346 555 2377 et
581 2334 828 2378 sententiam
857 2347 973 2378 suam
1000 2335 1187 2379 Ernesto
1215 2335 1351 2389 expli-

39 2409 157 2462 cuit,
191 2422 434 2463 magnorum
467 2410 655 2453 virorum
692 2410 803 2453 vitas
843 2410 901 2452 ita
936 2422 1029 2453 esse
1068 2411 1348 2465 enarrandas,

40 2498 128 2528 non
163 2495 208 2527 ut
238 2485 280 2528 in
313 2485 505 2540 singula,
543 2498 671 2538 caque
710 2486 873 2539 privata
914 2486 1112 2540 negotia,
1147 2488 1268 2531 anxie
1306 2495 1351 2535 ες

44 2561 194 2605 sedulo
220 2546 487 2616 inquiratur,
520 2563 592 2604 sed
621 2571 667 2602 ut
700 2560 891 2614 ipsorum
922 2561 1042 2614 quasi
1066 2561 1229 2606 animus
1256 2559 1353 2609 'vula

777 2639 796 2658 *
817 2639 837 2665 *
1264 2645 1352 2681 tufi*
