<?xml version="1.0" encoding="UTF-8"?>
<!DOCTYPE html PUBLIC "-//W3C//DTD XHTML 1.0 Transitional//EN"
    "http://www.w3.org/TR/xhtml1/DTD/xhtml1-transitional.dtd">
<html xmlns="http://www.w3.org/1999/xhtml" xml:lang="en" lang="en">
 <head>
  <title>
</title>
<meta http-equiv="Content-Type" content="text/html;charset=utf-8" />
  <meta name='ocr-system' content='tesseract 3.04.00' />
  <meta name='ocr-capabilities' content='ocr_page ocr_carea ocr_par ocr_line ocrx_word'/>
</head>
<body>
  <div class='ocr_page' id='page_1' title='image "./elogiumtiberiihe00ruhnuoft/elogiumtiberiihe00ruhnuoft_0060.png"; bbox 0 0 1879 3160; ppageno 0'>
   <div class='ocr_carea' id='block_1_1' title="bbox 351 199 1326 257">
    <p class='ocr_par' dir='ltr' id='par_1_1' title="bbox 351 199 1326 257">
     <span class='ocr_line' id='line_1_1' title="bbox 351 199 1326 257; baseline -0.006 -6"><span class='ocrx_word' id='word_1_1' title='bbox 351 224 378 257; x_wconf 81' lang='lat'>2</span> <span class='ocrx_word' id='word_1_2' title='bbox 692 199 1326 250; x_wconf 86' lang='lat' dir='ltr'>ELOGIUM</span> 
     </span>
    </p>
   </div>
   <div class='ocr_carea' id='block_1_2' title="bbox 302 323 1730 2716">
    <p class='ocr_par' dir='ltr' id='par_1_2' title="bbox 302 323 1730 2092">
     <span class='ocr_line' id='line_1_2' title="bbox 354 323 1662 384; baseline -0.002 -11"><span class='ocrx_word' id='word_1_3' title='bbox 354 329 485 374; x_wconf 84' lang='lat' dir='ltr'>tionis</span> <span class='ocrx_word' id='word_1_4' title='bbox 517 338 714 380; x_wconf 85' lang='lat' dir='ltr'>tanquam</span> <span class='ocrx_word' id='word_1_5' title='bbox 751 324 873 368; x_wconf 85' lang='lat' dir='ltr'>freno</span> <span class='ocrx_word' id='word_1_6' title='bbox 912 324 1206 366; x_wconf 65' lang='lat' dir='ltr'>coErcerentur</span> <span class='ocrx_word' id='word_1_7' title='bbox 1227 356 1241 375; x_wconf 83' lang='lat'>,</span> <span class='ocrx_word' id='word_1_8' title='bbox 1273 323 1496 375; x_wconf 83' lang='lat' dir='ltr'>aliquando</span> <span class='ocrx_word' id='word_1_9' title='bbox 1525 325 1568 369; x_wconf 91' lang='lat' dir='ltr'>in</span> <span class='ocrx_word' id='word_1_10' title='bbox 1597 327 1662 384; x_wconf 80' lang='lat' dir='ltr'>je·</span> 
     </span>
     <span class='ocr_line' id='line_1_3' title="bbox 302 395 1659 459; baseline -0.006 -13"><span class='ocrx_word' id='word_1_11' title='bbox 302 405 330 446; x_wconf 93' lang='lat'><em>6</em></span> <span class='ocrx_word' id='word_1_12' title='bbox 357 405 459 459; x_wconf 86' lang='lat' dir='ltr'>juna</span> <span class='ocrx_word' id='word_1_13' title='bbox 489 412 530 442; x_wconf 91' lang='lat' dir='ltr'>et</span> <span class='ocrx_word' id='word_1_14' title='bbox 562 408 739 452; x_wconf 76' lang='lat' dir='ltr'>angusta</span> <span class='ocrx_word' id='word_1_15' title='bbox 758 428 774 449; x_wconf 82' lang='lat'>,</span> <span class='ocrx_word' id='word_1_16' title='bbox 807 407 912 449; x_wconf 85' lang='lat' dir='ltr'>quae</span> <span class='ocrx_word' id='word_1_17' title='bbox 948 406 1036 437; x_wconf 91' lang='lat' dir='ltr'>non</span> <span class='ocrx_word' id='word_1_18' title='bbox 1071 407 1268 449; x_wconf 80' lang='lat' dir='ltr'>caperent</span> <span class='ocrx_word' id='word_1_19' title='bbox 1299 403 1438 436; x_wconf 85' lang='lat' dir='ltr'><strong>tantae</strong></span> <span class='ocrx_word' id='word_1_20' title='bbox 1473 395 1533 436; x_wconf 88' lang='lat' dir='ltr'>rei</span> <span class='ocrx_word' id='word_1_21' title='bbox 1573 396 1659 438; x_wconf 87' lang='lat' dir='ltr'>vim</span> 
     </span>
     <span class='ocr_line' id='line_1_4' title="bbox 356 465 1662 522; baseline -0.005 -6"><span class='ocrx_word' id='word_1_22' title='bbox 356 484 398 516; x_wconf 91' lang='lat' dir='ltr'>et</span> <span class='ocrx_word' id='word_1_23' title='bbox 419 467 726 522; x_wconf 77' lang='lat' dir='ltr'>auctoritatem.</span> <span class='ocrx_word' id='word_1_24' title='bbox 787 468 963 521; x_wconf 69' lang='lat' dir='ltr'>Duplex</span> <span class='ocrx_word' id='word_1_25' title='bbox 989 465 1147 520; x_wconf 82' lang='lat' dir='ltr'>igitur,</span> <span class='ocrx_word' id='word_1_26' title='bbox 1181 481 1260 520; x_wconf 85' lang='lat' dir='ltr'>pro</span> <span class='ocrx_word' id='word_1_27' title='bbox 1286 466 1550 521; x_wconf 83' lang='lat' dir='ltr'>ingeniorum</span> <span class='ocrx_word' id='word_1_28' title='bbox 1573 468 1662 511; x_wconf 90' lang='lat' dir='ltr'>dis-</span> 
     </span>
     <span class='ocr_line' id='line_1_5' title="bbox 356 536 1664 591; baseline -0.007 -4"><span class='ocrx_word' id='word_1_29' title='bbox 356 540 664 591; x_wconf 73' lang='lat' dir='ltr'>similitudine,</span> <span class='ocrx_word' id='word_1_30' title='bbox 696 537 797 581; x_wconf 81' lang='lat' dir='ltr'>inita</span> <span class='ocrx_word' id='word_1_31' title='bbox 822 546 886 579; x_wconf 87' lang='lat' dir='ltr'>est</span> <span class='ocrx_word' id='word_1_32' title='bbox 922 536 1105 580; x_wconf 88' lang='lat' dir='ltr'>Critices</span> <span class='ocrx_word' id='word_1_33' title='bbox 1133 540 1386 581; x_wconf 74' lang='lat' dir='ltr'>exercendae</span> <span class='ocrx_word' id='word_1_34' title='bbox 1424 539 1545 582; x_wconf 82' lang='lat' dir='ltr'>ratio.</span> <span class='ocrx_word' id='word_1_35' title='bbox 1606 541 1664 582; x_wconf 86' lang='lat' dir='ltr'>Il.</span> 
     </span>
     <span class='ocr_line' id='line_1_6' title="bbox 358 609 1664 665; baseline -0.004 -7"><span class='ocrx_word' id='word_1_36' title='bbox 358 617 390 659; x_wconf 87' lang='lat'>1&#39;1</span> <span class='ocrx_word' id='word_1_37' title='bbox 423 615 572 665; x_wconf 88' lang='lat' dir='ltr'>firma,</span> <span class='ocrx_word' id='word_1_38' title='bbox 603 625 679 654; x_wconf 88' lang='lat' dir='ltr'>nec</span> <span class='ocrx_word' id='word_1_39' title='bbox 719 611 809 651; x_wconf 84' lang='lat' dir='ltr'>ullo</span> <span class='ocrx_word' id='word_1_40' title='bbox 850 609 978 649; x_wconf 88' lang='lat' dir='ltr'>modo</span> <span class='ocrx_word' id='word_1_41' title='bbox 1011 610 1346 661; x_wconf 84' lang='lat' dir='ltr'>commovenda,</span> <span class='ocrx_word' id='word_1_42' title='bbox 1378 619 1532 651; x_wconf 87' lang='lat' dir='ltr'>temere</span> <span class='ocrx_word' id='word_1_43' title='bbox 1558 623 1664 653; x_wconf 86' lang='lat' dir='ltr'>con·</span> 
     </span>
     <span class='ocr_line' id='line_1_7' title="bbox 354 678 1661 735; baseline -0.007 -4"><span class='ocrx_word' id='word_1_44' title='bbox 354 686 568 731; x_wconf 77' lang='lat' dir='ltr'><strong>vellebant</strong></span> <span class='ocrx_word' id='word_1_45' title='bbox 587 715 601 735; x_wconf 86' lang='lat'>,</span> <span class='ocrx_word' id='word_1_46' title='bbox 643 692 684 723; x_wconf 88' lang='lat' dir='ltr'>et</span> <span class='ocrx_word' id='word_1_47' title='bbox 711 690 824 721; x_wconf 83' lang='lat' dir='ltr'>certa</span> <span class='ocrx_word' id='word_1_48' title='bbox 856 678 1028 720; x_wconf 83' lang='lat' dir='ltr'>incertis</span> <span class='ocrx_word' id='word_1_49' title='bbox 1062 680 1321 734; x_wconf 80' lang='lat' dir='ltr'>conjecturis</span> <span class='ocrx_word' id='word_1_50' title='bbox 1346 679 1582 723; x_wconf 79' lang='lat' dir='ltr'><strong>vexabant:</strong></span> <span class='ocrx_word' id='word_1_51' title='bbox 1616 679 1661 722; x_wconf 85' lang='lat' dir='ltr'>hi</span> 
     </span>
     <span class='ocr_line' id='line_1_8' title="bbox 356 748 1667 806; baseline -0.003 -9"><span class='ocrx_word' id='word_1_52' title='bbox 356 755 462 801; x_wconf 83' lang='lat' dir='ltr'>nihil</span> <span class='ocrx_word' id='word_1_53' title='bbox 492 755 635 806; x_wconf 79' lang='lat' dir='ltr'>aliud,</span> <span class='ocrx_word' id='word_1_54' title='bbox 667 751 749 795; x_wconf 86' lang='lat' dir='ltr'>nisi</span> <span class='ocrx_word' id='word_1_55' title='bbox 770 748 982 792; x_wconf 77' lang='lat' dir='ltr'>materiam</span> <span class='ocrx_word' id='word_1_56' title='bbox 1010 763 1032 791; x_wconf 91' lang='lat' dir='ltr'>e</span> <span class='ocrx_word' id='word_1_57' title='bbox 1057 749 1177 791; x_wconf 84' lang='lat' dir='ltr'>libris</span> <span class='ocrx_word' id='word_1_58' title='bbox 1202 764 1326 793; x_wconf 84' lang='lat' dir='ltr'>manu</span> <span class='ocrx_word' id='word_1_59' title='bbox 1347 752 1520 805; x_wconf 86' lang='lat' dir='ltr'>scriptis</span> <span class='ocrx_word' id='word_1_60' title='bbox 1548 765 1667 795; x_wconf 85' lang='lat' dir='ltr'>com-</span> 
     </span>
     <span class='ocr_line' id='line_1_9' title="bbox 360 820 1666 883; baseline -0.004 -13"><span class='ocrx_word' id='word_1_61' title='bbox 360 825 588 883; x_wconf 79' lang='lat' dir='ltr'>portabant</span> <span class='ocrx_word' id='word_1_62' title='bbox 605 857 621 879; x_wconf 94' lang='lat'>,</span> <span class='ocrx_word' id='word_1_63' title='bbox 654 825 698 868; x_wconf 89' lang='lat' dir='ltr'>in</span> <span class='ocrx_word' id='word_1_64' title='bbox 733 823 858 865; x_wconf 84' lang='lat' dir='ltr'>rebus</span> <span class='ocrx_word' id='word_1_65' title='bbox 889 821 995 876; x_wconf 84' lang='lat' dir='ltr'>ipsis</span> <span class='ocrx_word' id='word_1_66' title='bbox 1021 832 1062 864; x_wconf 91' lang='lat' dir='ltr'>et</span> <span class='ocrx_word' id='word_1_67' title='bbox 1087 820 1285 863; x_wconf 87' lang='lat' dir='ltr'>sensibus</span> <span class='ocrx_word' id='word_1_68' title='bbox 1313 822 1570 875; x_wconf 87' lang='lat' dir='ltr'>scriptorum</span> <span class='ocrx_word' id='word_1_69' title='bbox 1596 836 1666 865; x_wconf 82' lang='lat' dir='ltr'>ex-</span> 
     </span>
     <span class='ocr_line' id='line_1_10' title="bbox 359 888 1668 953; baseline -0.003 -12"><span class='ocrx_word' id='word_1_70' title='bbox 359 897 568 953; x_wconf 84' lang='lat' dir='ltr'>plicandis</span> <span class='ocrx_word' id='word_1_71' title='bbox 605 888 743 942; x_wconf 74' lang='lat' dir='ltr'>inuti,</span> <span class='ocrx_word' id='word_1_72' title='bbox 776 893 820 936; x_wconf 82' lang='lat' dir='ltr'>in</span> <span class='ocrx_word' id='word_1_73' title='bbox 856 894 998 936; x_wconf 83' lang='lat' dir='ltr'>verbis</span> <span class='ocrx_word' id='word_1_74' title='bbox 1030 904 1070 936; x_wconf 84' lang='lat' dir='ltr'>et</span> <span class='ocrx_word' id='word_1_75' title='bbox 1108 892 1307 935; x_wconf 85' lang='lat' dir='ltr'>formulis</span> <span class='ocrx_word' id='word_1_76' title='bbox 1349 893 1401 934; x_wconf 86' lang='lat' dir='ltr'>ad</span> <span class='ocrx_word' id='word_1_77' title='bbox 1430 896 1668 946; x_wconf 81' lang='lat' dir='ltr'>grammati·</span> 
     </span>
     <span class='ocr_line' id='line_1_11' title="bbox 359 963 1667 1019; baseline -0.005 -6"><span class='ocrx_word' id='word_1_78' title='bbox 359 984 448 1013; x_wconf 84' lang='lat' dir='ltr'>eam</span> <span class='ocrx_word' id='word_1_79' title='bbox 476 979 665 1012; x_wconf 86' lang='lat' dir='ltr'>normam</span> <span class='ocrx_word' id='word_1_80' title='bbox 703 966 918 1019; x_wconf 78' lang='lat' dir='ltr'>exigendis</span> <span class='ocrx_word' id='word_1_81' title='bbox 953 968 1154 1018; x_wconf 80' lang='lat' dir='ltr'>loquaces</span> <span class='ocrx_word' id='word_1_82' title='bbox 1191 974 1232 1006; x_wconf 86' lang='lat' dir='ltr'>et</span> <span class='ocrx_word' id='word_1_83' title='bbox 1267 963 1417 1006; x_wconf 80' lang='lat' dir='ltr'>rixosi.</span> <span class='ocrx_word' id='word_1_84' title='bbox 1478 963 1667 1016; x_wconf 82' lang='lat' dir='ltr'>Utrique</span> 
     </span>
     <span class='ocr_line' id='line_1_12' title="bbox 357 1036 1668 1089; baseline -0.006 -4"><span class='ocrx_word' id='word_1_85' title='bbox 357 1054 455 1085; x_wconf 89' lang='lat' dir='ltr'>cum</span> <span class='ocrx_word' id='word_1_86' title='bbox 490 1038 572 1081; x_wconf 90' lang='lat' dir='ltr'>sibi</span> <span class='ocrx_word' id='word_1_87' title='bbox 605 1036 866 1081; x_wconf 87' lang='lat' dir='ltr'>Criticorum</span> <span class='ocrx_word' id='word_1_88' title='bbox 904 1050 1060 1080; x_wconf 89' lang='lat' dir='ltr'>nomen</span> <span class='ocrx_word' id='word_1_89' title='bbox 1097 1046 1394 1089; x_wconf 76' lang='lat' dir='ltr'>arrogassent,</span> <span class='ocrx_word' id='word_1_90' title='bbox 1440 1045 1508 1087; x_wconf 87' lang='lat' dir='ltr'>et,</span> <span class='ocrx_word' id='word_1_91' title='bbox 1551 1036 1668 1079; x_wconf 78' lang='lat' dir='ltr'>facili</span> 
     </span>
     <span class='ocr_line' id='line_1_13' title="bbox 355 1106 1668 1167; baseline -0.005 -14"><span class='ocrx_word' id='word_1_92' title='bbox 355 1111 483 1167; x_wconf 84' lang='lat' dir='ltr'>plebe</span> <span class='ocrx_word' id='word_1_93' title='bbox 514 1107 726 1158; x_wconf 86' lang='lat' dir='ltr'>literaria,</span> <span class='ocrx_word' id='word_1_94' title='bbox 768 1109 1032 1160; x_wconf 83' lang='lat' dir='ltr'>tenuissent,</span> <span class='ocrx_word' id='word_1_95' title='bbox 1075 1106 1292 1149; x_wconf 86' lang='lat' dir='ltr'>hominum</span> <span class='ocrx_word' id='word_1_96' title='bbox 1330 1107 1465 1158; x_wconf 80' lang='lat' dir='ltr'>vitia,</span> <span class='ocrx_word' id='word_1_97' title='bbox 1498 1117 1547 1149; x_wconf 85' lang='lat' dir='ltr'>ut</span> <span class='ocrx_word' id='word_1_98' title='bbox 1577 1106 1668 1150; x_wconf 82' lang='lat' dir='ltr'>fieri</span> 
     </span>
     <span class='ocr_line' id='line_1_14' title="bbox 356 1177 1669 1235; baseline -0.004 -9"><span class='ocrx_word' id='word_1_99' title='bbox 356 1185 499 1235; x_wconf 81' lang='lat' dir='ltr'>solet,</span> <span class='ocrx_word' id='word_1_100' title='bbox 531 1179 742 1233; x_wconf 83' lang='lat' dir='ltr'>adipsam</span> <span class='ocrx_word' id='word_1_101' title='bbox 769 1188 897 1221; x_wconf 86' lang='lat' dir='ltr'>artem</span> <span class='ocrx_word' id='word_1_102' title='bbox 920 1178 1111 1219; x_wconf 81' lang='lat' dir='ltr'>traducta</span> <span class='ocrx_word' id='word_1_103' title='bbox 1135 1186 1236 1219; x_wconf 86' lang='lat' dir='ltr'>sunt</span> <span class='ocrx_word' id='word_1_104' title='bbox 1255 1208 1270 1230; x_wconf 82' lang='lat'>,</span> <span class='ocrx_word' id='word_1_105' title='bbox 1294 1186 1335 1218; x_wconf 91' lang='lat' dir='ltr'>et</span> <span class='ocrx_word' id='word_1_106' title='bbox 1359 1177 1519 1220; x_wconf 88' lang='lat' dir='ltr'>Critica</span> <span class='ocrx_word' id='word_1_107' title='bbox 1534 1210 1550 1231; x_wconf 87' lang='lat'>,</span> <span class='ocrx_word' id='word_1_108' title='bbox 1575 1192 1669 1221; x_wconf 89' lang='lat' dir='ltr'>mo·</span> 
     </span>
     <span class='ocr_line' id='line_1_15' title="bbox 357 1247 1667 1304; baseline -0.005 -6"><span class='ocrx_word' id='word_1_109' title='bbox 357 1256 414 1298; x_wconf 83' lang='lat' dir='ltr'>do</span> <span class='ocrx_word' id='word_1_110' title='bbox 450 1251 697 1297; x_wconf 85' lang='lat' dir='ltr'>temeritatis</span> <span class='ocrx_word' id='word_1_111' title='bbox 740 1260 782 1293; x_wconf 90' lang='lat' dir='ltr'>et</span> <span class='ocrx_word' id='word_1_112' title='bbox 830 1247 1024 1290; x_wconf 80' lang='lat' dir='ltr'>audaciae</span> <span class='ocrx_word' id='word_1_113' title='bbox 1074 1259 1236 1302; x_wconf 82' lang='lat' dir='ltr'>mater,</span> <span class='ocrx_word' id='word_1_114' title='bbox 1279 1249 1408 1291; x_wconf 90' lang='lat' dir='ltr'>modo</span> <span class='ocrx_word' id='word_1_115' title='bbox 1447 1250 1667 1304; x_wconf 73' lang='lat' dir='ltr'>nugator-Ia</span> 
     </span>
     <span class='ocr_line' id='line_1_16' title="bbox 358 1319 1671 1381; baseline -0.005 -11"><span class='ocrx_word' id='word_1_116' title='bbox 358 1325 618 1381; x_wconf 83' lang='lat' dir='ltr'>syllabarum</span> <span class='ocrx_word' id='word_1_117' title='bbox 646 1333 831 1374; x_wconf 83' lang='lat' dir='ltr'>auceps,</span> <span class='ocrx_word' id='word_1_118' title='bbox 865 1319 949 1360; x_wconf 84' lang='lat' dir='ltr'>dici</span> <span class='ocrx_word' id='word_1_119' title='bbox 969 1320 1199 1374; x_wconf 81' lang='lat' dir='ltr'>haberique</span> <span class='ocrx_word' id='word_1_120' title='bbox 1219 1319 1377 1373; x_wconf 88' lang='lat' dir='ltr'>coepit.</span> <span class='ocrx_word' id='word_1_121' title='bbox 1438 1320 1575 1375; x_wconf 85' lang='lat' dir='ltr'>Quam</span> <span class='ocrx_word' id='word_1_122' title='bbox 1604 1321 1671 1364; x_wconf 86' lang='lat' dir='ltr'>in-</span> 
     </span>
     <span class='ocr_line' id='line_1_17' title="bbox 357 1389 1667 1446; baseline -0.005 -6"><span class='ocrx_word' id='word_1_123' title='bbox 357 1397 513 1439; x_wconf 83' lang='lat' dir='ltr'>vidiam</span> <span class='ocrx_word' id='word_1_124' title='bbox 529 1424 545 1446; x_wconf 85' lang='lat'>,</span> <span class='ocrx_word' id='word_1_125' title='bbox 576 1405 664 1435; x_wconf 84' lang='lat' dir='ltr'>non</span> <span class='ocrx_word' id='word_1_126' title='bbox 689 1392 922 1435; x_wconf 85' lang='lat' dir='ltr'>mirandum</span> <span class='ocrx_word' id='word_1_127' title='bbox 941 1400 1004 1432; x_wconf 89' lang='lat' dir='ltr'>est</span> <span class='ocrx_word' id='word_1_128' title='bbox 1023 1421 1038 1441; x_wconf 91' lang='lat'>,</span> <span class='ocrx_word' id='word_1_129' title='bbox 1071 1390 1230 1432; x_wconf 88' lang='lat' dir='ltr'>diut1us</span> <span class='ocrx_word' id='word_1_130' title='bbox 1256 1389 1299 1432; x_wconf 91' lang='lat' dir='ltr'>in</span> <span class='ocrx_word' id='word_1_131' title='bbox 1322 1390 1513 1443; x_wconf 82' lang='lat' dir='ltr'>Critica,</span> <span class='ocrx_word' id='word_1_132' title='bbox 1543 1403 1667 1444; x_wconf 79' lang='lat' dir='ltr'>quam</span> 
     </span>
     <span class='ocr_line' id='line_1_18' title="bbox 307 1460 1666 1522; baseline -0.003 -13"><span class='ocrx_word' id='word_1_133' title='bbox 307 1480 334 1522; x_wconf 86' lang='lat'>7</span> <span class='ocrx_word' id='word_1_134' title='bbox 363 1467 408 1511; x_wconf 84' lang='lat' dir='ltr'>in</span> <span class='ocrx_word' id='word_1_135' title='bbox 444 1465 531 1508; x_wconf 77' lang='lat' dir='ltr'>ulla</span> <span class='ocrx_word' id='word_1_136' title='bbox 556 1463 635 1505; x_wconf 86' lang='lat' dir='ltr'>alia</span> <span class='ocrx_word' id='word_1_137' title='bbox 669 1462 926 1516; x_wconf 75' lang='lat' dir='ltr'>disciplina,</span> <span class='ocrx_word' id='word_1_138' title='bbox 961 1462 1029 1504; x_wconf 84' lang='lat' dir='ltr'>eui</span> <span class='ocrx_word' id='word_1_139' title='bbox 1066 1475 1140 1514; x_wconf 89' lang='lat' dir='ltr'>per</span> <span class='ocrx_word' id='word_1_140' title='bbox 1179 1461 1354 1503; x_wconf 81' lang='lat' dir='ltr'>similem</span> <span class='ocrx_word' id='word_1_141' title='bbox 1399 1460 1666 1514; x_wconf 84' lang='lat' dir='ltr'>iniquitatem</span> 
     </span>
     <span class='ocr_line' id='line_1_19' title="bbox 358 1531 1663 1589; baseline -0.004 -7"><span class='ocrx_word' id='word_1_142' title='bbox 358 1539 477 1583; x_wconf 81' lang='lat' dir='ltr'>labes</span> <span class='ocrx_word' id='word_1_143' title='bbox 494 1537 691 1589; x_wconf 84' lang='lat' dir='ltr'>adspersa</span> <span class='ocrx_word' id='word_1_144' title='bbox 710 1545 848 1589; x_wconf 82' lang='lat' dir='ltr'>esset,</span> <span class='ocrx_word' id='word_1_145' title='bbox 881 1536 1083 1578; x_wconf 81' lang='lat' dir='ltr'>haesisse.</span> <span class='ocrx_word' id='word_1_146' title='bbox 1124 1531 1298 1575; x_wconf 83' lang='lat' dir='ltr'>Etenim</span> <span class='ocrx_word' id='word_1_147' title='bbox 1322 1543 1504 1577; x_wconf 85' lang='lat' dir='ltr'>caeterae</span> <span class='ocrx_word' id='word_1_148' title='bbox 1527 1545 1663 1588; x_wconf 87' lang='lat' dir='ltr'>artes,</span> 
     </span>
     <span class='ocr_line' id='line_1_20' title="bbox 359 1606 1730 1663; baseline -0.002 -12"><span class='ocrx_word' id='word_1_149' title='bbox 359 1621 553 1663; x_wconf 82' lang='lat' dir='ltr'>magnam</span> <span class='ocrx_word' id='word_1_150' title='bbox 579 1616 739 1660; x_wconf 79' lang='lat' dir='ltr'>partem</span> <span class='ocrx_word' id='word_1_151' title='bbox 766 1609 994 1661; x_wconf 83' lang='lat' dir='ltr'>populares</span> <span class='ocrx_word' id='word_1_152' title='bbox 1011 1637 1026 1659; x_wconf 88' lang='lat'>,</span> <span class='ocrx_word' id='word_1_153' title='bbox 1060 1617 1100 1649; x_wconf 92' lang='lat' dir='ltr'>et</span> <span class='ocrx_word' id='word_1_154' title='bbox 1124 1606 1340 1649; x_wconf 85' lang='lat' dir='ltr'>communi</span> <span class='ocrx_word' id='word_1_155' title='bbox 1366 1606 1671 1661; x_wconf 79' lang='lat' dir='ltr'>intelligentiae</span> <span class='ocrx_word' id='word_1_156' title='bbox 1724 1658 1730 1662; x_wconf 16' lang='lat' dir='ltr'><em>ff</em></span> 
     </span>
     <span class='ocr_line' id='line_1_21' title="bbox 364 1676 1669 1735; baseline -0.003 -12"><span class='ocrx_word' id='word_1_157' title='bbox 364 1690 594 1735; x_wconf 85' lang='lat' dir='ltr'>patentes,</span> <span class='ocrx_word' id='word_1_158' title='bbox 627 1678 750 1720; x_wconf 83' lang='lat' dir='ltr'>facile</span> <span class='ocrx_word' id='word_1_159' title='bbox 779 1678 1031 1730; x_wconf 78' lang='lat' dir='ltr'>inveniunt,</span> <span class='ocrx_word' id='word_1_160' title='bbox 1069 1678 1173 1731; x_wconf 84' lang='lat' dir='ltr'>qui,</span> <span class='ocrx_word' id='word_1_161' title='bbox 1207 1691 1352 1720; x_wconf 81' lang='lat' dir='ltr'>caussa</span> <span class='ocrx_word' id='word_1_162' title='bbox 1371 1676 1566 1732; x_wconf 84' lang='lat' dir='ltr'>cognita,</span> <span class='ocrx_word' id='word_1_163' title='bbox 1601 1691 1669 1719; x_wconf 81' lang='lat' dir='ltr'>ca-</span> 
     </span>
     <span class='ocr_line' id='line_1_22' title="bbox 359 1747 1670 1803; baseline -0.005 -6"><span class='ocrx_word' id='word_1_164' title='bbox 359 1752 562 1797; x_wconf 78' lang='lat' dir='ltr'>lumniam</span> <span class='ocrx_word' id='word_1_165' title='bbox 585 1751 810 1803; x_wconf 86' lang='lat' dir='ltr'>depellant.</span> <span class='ocrx_word' id='word_1_166' title='bbox 873 1747 1064 1802; x_wconf 84' lang='lat' dir='ltr'>Critica,</span> <span class='ocrx_word' id='word_1_167' title='bbox 1096 1751 1240 1803; x_wconf 86' lang='lat' dir='ltr'>plures</span> <span class='ocrx_word' id='word_1_168' title='bbox 1270 1750 1513 1793; x_wconf 80' lang='lat' dir='ltr'>difficultate</span> <span class='ocrx_word' id='word_1_169' title='bbox 1537 1757 1579 1791; x_wconf 92' lang='lat' dir='ltr'>et</span> <span class='ocrx_word' id='word_1_170' title='bbox 1604 1761 1670 1791; x_wconf 87' lang='lat' dir='ltr'>re-</span> 
     </span>
     <span class='ocr_line' id='line_1_23' title="bbox 360 1818 1668 1872; baseline -0.006 -5"><span class='ocrx_word' id='word_1_171' title='bbox 360 1837 455 1867; x_wconf 82' lang='lat' dir='ltr'>rnm</span> <span class='ocrx_word' id='word_1_172' title='bbox 489 1823 779 1865; x_wconf 77' lang='lat' dir='ltr'>discendarum</span> <span class='ocrx_word' id='word_1_173' title='bbox 815 1818 937 1872; x_wconf 82' lang='lat' dir='ltr'>copia</span> <span class='ocrx_word' id='word_1_174' title='bbox 976 1828 1018 1861; x_wconf 90' lang='lat' dir='ltr'>et</span> <span class='ocrx_word' id='word_1_175' title='bbox 1041 1819 1240 1862; x_wconf 83' lang='lat' dir='ltr'>varietate</span> <span class='ocrx_word' id='word_1_176' title='bbox 1268 1822 1511 1871; x_wconf 87' lang='lat' dir='ltr'>deterrens,</span> <span class='ocrx_word' id='word_1_177' title='bbox 1544 1831 1668 1871; x_wconf 85' lang='lat' dir='ltr'>quam</span> 
     </span>
     <span class='ocr_line' id='line_1_24' title="bbox 361 1890 1669 1943; baseline -0.005 -6"><span class='ocrx_word' id='word_1_178' title='bbox 361 1894 642 1937; x_wconf 79' lang='lat' dir='ltr'>delectatione</span> <span class='ocrx_word' id='word_1_179' title='bbox 671 1892 811 1943; x_wconf 87' lang='lat' dir='ltr'>aliqua</span> <span class='ocrx_word' id='word_1_180' title='bbox 841 1890 1029 1932; x_wconf 84' lang='lat' dir='ltr'>alliciens</span> <span class='ocrx_word' id='word_1_181' title='bbox 1055 1890 1105 1930; x_wconf 89' lang='lat' dir='ltr'>ad</span> <span class='ocrx_word' id='word_1_182' title='bbox 1130 1902 1175 1931; x_wconf 87' lang='lat' dir='ltr'>se</span> <span class='ocrx_word' id='word_1_183' title='bbox 1200 1900 1240 1932; x_wconf 91' lang='lat' dir='ltr'>et</span> <span class='ocrx_word' id='word_1_184' title='bbox 1266 1891 1449 1933; x_wconf 77' lang='lat' dir='ltr'>invitans</span> <span class='ocrx_word' id='word_1_185' title='bbox 1467 1920 1480 1941; x_wconf 87' lang='lat'>,</span> <span class='ocrx_word' id='word_1_186' title='bbox 1509 1902 1669 1943; x_wconf 83' lang='lat' dir='ltr'>paucos</span> 
     </span>
     <span class='ocr_line' id='line_1_25' title="bbox 362 1963 1668 2018; baseline -0.002 -11"><span class='ocrx_word' id='word_1_187' title='bbox 362 1965 480 2008; x_wconf 83' lang='lat' dir='ltr'>omni</span> <span class='ocrx_word' id='word_1_188' title='bbox 520 1974 711 2018; x_wconf 87' lang='lat' dir='ltr'>tempore</span> <span class='ocrx_word' id='word_1_189' title='bbox 755 1963 990 2016; x_wconf 86' lang='lat' dir='ltr'>discipulos</span> <span class='ocrx_word' id='word_1_190' title='bbox 1028 1970 1150 2002; x_wconf 83' lang='lat' dir='ltr'>nacta</span> <span class='ocrx_word' id='word_1_191' title='bbox 1189 1972 1279 2012; x_wconf 84' lang='lat' dir='ltr'>est,</span> <span class='ocrx_word' id='word_1_192' title='bbox 1321 1974 1479 2016; x_wconf 86' lang='lat' dir='ltr'>paucos</span> <span class='ocrx_word' id='word_1_193' title='bbox 1518 1963 1668 2005; x_wconf 86' lang='lat' dir='ltr'>habuit</span> 
     </span>
     <span class='ocr_line' id='line_1_26' title="bbox 366 2034 1671 2092; baseline -0.002 -13"><span class='ocrx_word' id='word_1_194' title='bbox 366 2047 604 2092; x_wconf 76' lang='lat' dir='ltr'>patronos,</span> <span class='ocrx_word' id='word_1_195' title='bbox 639 2034 710 2087; x_wconf 84' lang='lat' dir='ltr'>qui</span> <span class='ocrx_word' id='word_1_196' title='bbox 744 2046 932 2075; x_wconf 85' lang='lat' dir='ltr'>caussam</span> <span class='ocrx_word' id='word_1_197' title='bbox 955 2044 1070 2075; x_wconf 82' lang='lat' dir='ltr'>suam</span> <span class='ocrx_word' id='word_1_198' title='bbox 1099 2042 1433 2086; x_wconf 79' lang='lat' dir='ltr'>cognoscerent,</span> <span class='ocrx_word' id='word_1_199' title='bbox 1466 2034 1671 2077; x_wconf 82' lang='lat' dir='ltr'>innocen·</span> 
     </span>
    </p>

    <p class='ocr_par' dir='ltr' id='par_1_3' title="bbox 312 2104 1673 2716">
     <span class='ocr_line' id='line_1_27' title="bbox 369 2104 1592 2159; baseline -0.002 -9"><span class='ocrx_word' id='word_1_200' title='bbox 369 2108 469 2150; x_wconf 83' lang='lat' dir='ltr'>tiam</span> <span class='ocrx_word' id='word_1_201' title='bbox 494 2116 740 2157; x_wconf 82' lang='lat' dir='ltr'>tuerentur,</span> <span class='ocrx_word' id='word_1_202' title='bbox 772 2105 1013 2159; x_wconf 81' lang='lat' dir='ltr'>dignitatem</span> <span class='ocrx_word' id='word_1_203' title='bbox 1045 2115 1085 2146; x_wconf 93' lang='lat' dir='ltr'>et</span> <span class='ocrx_word' id='word_1_204' title='bbox 1115 2104 1286 2159; x_wconf 78' lang='lat' dir='ltr'>gloriam</span> <span class='ocrx_word' id='word_1_205' title='bbox 1315 2105 1592 2148; x_wconf 85' lang='lat' dir='ltr'>vindicarent.</span> 
     </span>
     <span class='ocr_line' id='line_1_28' title="bbox 423 2176 1670 2231; baseline -0.006 -9"><span class='ocrx_word' id='word_1_206' title='bbox 423 2177 642 2231; x_wconf 78' lang='lat' dir='ltr'>Cogitanti</span> <span class='ocrx_word' id='word_1_207' title='bbox 672 2189 773 2217; x_wconf 78' lang='lat' dir='ltr'>vero</span> <span class='ocrx_word' id='word_1_208' title='bbox 803 2176 935 2227; x_wconf 79' lang='lat' dir='ltr'>mihi,</span> <span class='ocrx_word' id='word_1_209' title='bbox 974 2188 1080 2228; x_wconf 85' lang='lat' dir='ltr'>quae</span> <span class='ocrx_word' id='word_1_210' title='bbox 1104 2177 1267 2219; x_wconf 77' lang='lat' dir='ltr'>tandem</span> <span class='ocrx_word' id='word_1_211' title='bbox 1293 2177 1451 2229; x_wconf 84' lang='lat' dir='ltr'>optima</span> <span class='ocrx_word' id='word_1_212' title='bbox 1469 2185 1581 2218; x_wconf 86' lang='lat' dir='ltr'>esset</span> <span class='ocrx_word' id='word_1_213' title='bbox 1605 2188 1670 2218; x_wconf 79' lang='lat' dir='ltr'>ra-</span> 
     </span>
     <span class='ocr_line' id='line_1_29' title="bbox 366 2245 1670 2304; baseline -0.003 -12"><span class='ocrx_word' id='word_1_214' title='bbox 366 2250 428 2292; x_wconf 81' lang='lat' dir='ltr'>tio</span> <span class='ocrx_word' id='word_1_215' title='bbox 448 2259 529 2291; x_wconf 81' lang='lat' dir='ltr'>tam</span> <span class='ocrx_word' id='word_1_216' title='bbox 557 2245 758 2300; x_wconf 82' lang='lat' dir='ltr'>praeclari</span> <span class='ocrx_word' id='word_1_217' title='bbox 781 2246 911 2288; x_wconf 87' lang='lat' dir='ltr'>studii</span> <span class='ocrx_word' id='word_1_218' title='bbox 932 2248 1247 2290; x_wconf 81' lang='lat' dir='ltr'>commendandi</span> <span class='ocrx_word' id='word_1_219' title='bbox 1268 2281 1282 2300; x_wconf 83' lang='lat'>,</span> <span class='ocrx_word' id='word_1_220' title='bbox 1315 2259 1354 2291; x_wconf 89' lang='lat' dir='ltr'>et</span> <span class='ocrx_word' id='word_1_221' title='bbox 1376 2248 1525 2304; x_wconf 76' lang='lat' dir='ltr'>injuria</span> <span class='ocrx_word' id='word_1_222' title='bbox 1541 2279 1556 2300; x_wconf 93' lang='lat'>,</span> <span class='ocrx_word' id='word_1_223' title='bbox 1587 2260 1670 2300; x_wconf 74' lang='lat' dir='ltr'>qua</span> 
     </span>
     <span class='ocr_line' id='line_1_30' title="bbox 363 2317 1670 2375; baseline -0.002 -13"><span class='ocrx_word' id='word_1_224' title='bbox 363 2321 606 2375; x_wconf 80' lang='lat' dir='ltr'>premitur,</span> <span class='ocrx_word' id='word_1_225' title='bbox 649 2317 891 2368; x_wconf 80' lang='lat' dir='ltr'>liberandi,</span> <span class='ocrx_word' id='word_1_226' title='bbox 937 2319 1050 2359; x_wconf 77' lang='lat' dir='ltr'>nulla</span> <span class='ocrx_word' id='word_1_227' title='bbox 1090 2320 1351 2362; x_wconf 83' lang='lat' dir='ltr'>connnodior</span> <span class='ocrx_word' id='word_1_228' title='bbox 1388 2331 1429 2362; x_wconf 89' lang='lat' dir='ltr'>et</span> <span class='ocrx_word' id='word_1_229' title='bbox 1463 2318 1670 2363; x_wconf 79' lang='lat' dir='ltr'>efficacior</span> 
     </span>
     <span class='ocr_line' id='line_1_31' title="bbox 367 2387 1667 2441; baseline -0.003 -7"><span class='ocrx_word' id='word_1_230' title='bbox 367 2391 556 2434; x_wconf 87' lang='lat' dir='ltr'>occurrit</span> <span class='ocrx_word' id='word_1_231' title='bbox 583 2420 598 2441; x_wconf 80' lang='lat'>,</span> <span class='ocrx_word' id='word_1_232' title='bbox 643 2401 764 2441; x_wconf 84' lang='lat' dir='ltr'>quam</span> <span class='ocrx_word' id='word_1_233' title='bbox 806 2401 911 2441; x_wconf 87' lang='lat' dir='ltr'>quae</span> <span class='ocrx_word' id='word_1_234' title='bbox 955 2388 1134 2441; x_wconf 79' lang='lat' dir='ltr'>perfecti</span> <span class='ocrx_word' id='word_1_235' title='bbox 1171 2401 1211 2432; x_wconf 90' lang='lat' dir='ltr'>et</span> <span class='ocrx_word' id='word_1_236' title='bbox 1247 2392 1443 2434; x_wconf 86' lang='lat' dir='ltr'>omnibus</span> <span class='ocrx_word' id='word_1_237' title='bbox 1482 2387 1667 2432; x_wconf 86' lang='lat' dir='ltr'>numeris</span> 
     </span>
     <span class='ocr_line' id='line_1_32' title="bbox 312 2459 1671 2517; baseline -0.004 -11"><span class='ocrx_word' id='word_1_238' title='bbox 312 2469 336 2510; x_wconf 77' lang='lat'>8</span> <span class='ocrx_word' id='word_1_239' title='bbox 367 2462 554 2506; x_wconf 82' lang='lat' dir='ltr'>absoluti</span> <span class='ocrx_word' id='word_1_240' title='bbox 582 2459 734 2504; x_wconf 86' lang='lat' dir='ltr'>Critici</span> <span class='ocrx_word' id='word_1_241' title='bbox 768 2459 1020 2513; x_wconf 83' lang='lat' dir='ltr'>imaginem,</span> <span class='ocrx_word' id='word_1_242' title='bbox 1050 2460 1102 2502; x_wconf 87' lang='lat' dir='ltr'>ad</span> <span class='ocrx_word' id='word_1_243' title='bbox 1134 2461 1277 2505; x_wconf 84' lang='lat' dir='ltr'>vivum</span> <span class='ocrx_word' id='word_1_244' title='bbox 1312 2473 1548 2517; x_wconf 83' lang='lat' dir='ltr'>expressam</span> <span class='ocrx_word' id='word_1_245' title='bbox 1567 2489 1582 2512; x_wconf 87' lang='lat'>‚</span> <span class='ocrx_word' id='word_1_246' title='bbox 1613 2459 1671 2502; x_wconf 87' lang='lat' dir='ltr'>ob</span> 
     </span>
     <span class='ocr_line' id='line_1_33' title="bbox 370 2530 1670 2587; baseline -0.004 -11"><span class='ocrx_word' id='word_1_247' title='bbox 370 2536 522 2576; x_wconf 87' lang='lat' dir='ltr'>oculos</span> <span class='ocrx_word' id='word_1_248' title='bbox 558 2541 703 2585; x_wconf 79' lang='lat' dir='ltr'>ponat.</span> <span class='ocrx_word' id='word_1_249' title='bbox 762 2530 832 2573; x_wconf 84' lang='lat' dir='ltr'>Sic</span> <span class='ocrx_word' id='word_1_250' title='bbox 874 2530 981 2572; x_wconf 87' lang='lat' dir='ltr'>enim</span> <span class='ocrx_word' id='word_1_251' title='bbox 1021 2546 1183 2587; x_wconf 85' lang='lat' dir='ltr'>spero,</span> <span class='ocrx_word' id='word_1_252' title='bbox 1215 2535 1436 2584; x_wconf 82' lang='lat' dir='ltr'>futurum,</span> <span class='ocrx_word' id='word_1_253' title='bbox 1467 2540 1541 2580; x_wconf 82' lang='lat' dir='ltr'>ut,</span> <span class='ocrx_word' id='word_1_254' title='bbox 1576 2530 1670 2583; x_wconf 83' lang='lat' dir='ltr'>qui-</span> 
     </span>
     <span class='ocr_line' id='line_1_34' title="bbox 368 2601 1668 2662; baseline -0.004 -14"><span class='ocrx_word' id='word_1_255' title='bbox 368 2615 539 2656; x_wconf 83' lang='lat' dir='ltr'>cunque</span> <span class='ocrx_word' id='word_1_256' title='bbox 575 2602 616 2645; x_wconf 89' lang='lat' dir='ltr'>in</span> <span class='ocrx_word' id='word_1_257' title='bbox 655 2604 737 2646; x_wconf 87' lang='lat' dir='ltr'>hoc</span> <span class='ocrx_word' id='word_1_258' title='bbox 767 2603 988 2656; x_wconf 57' lang='lat' dir='ltr'>,exemplar</span> <span class='ocrx_word' id='word_1_259' title='bbox 1032 2603 1286 2662; x_wconf 77' lang='lat' dir='ltr'>inspexerit,</span> <span class='ocrx_word' id='word_1_260' title='bbox 1320 2616 1440 2658; x_wconf 87' lang='lat' dir='ltr'>quam</span> <span class='ocrx_word' id='word_1_261' title='bbox 1465 2612 1594 2646; x_wconf 82' lang='lat' dir='ltr'>artem</span> <span class='ocrx_word' id='word_1_262' title='bbox 1624 2601 1668 2644; x_wconf 87' lang='lat' dir='ltr'>in</span> 
     </span>
     <span class='ocr_line' id='line_1_35' title="bbox 1570 2684 1673 2716; baseline 0.029 -3"><span class='ocrx_word' id='word_1_263' title='bbox 1570 2684 1673 2716; x_wconf 80' lang='lat' dir='ltr'>con-</span> 
     </span>
    </p>
   </div>
   <div class='ocr_carea' id='block_1_3' title="bbox 1819 0 1870 3160">
    <p class='ocr_par' dir='ltr' id='par_1_4' title="bbox 1819 0 1870 3160">
     <span class='ocr_line' id='line_1_36' title="bbox 1819 0 1870 3160; baseline 0 0"><span class='ocrx_word' id='word_1_264' title='bbox 1819 0 1870 3160; x_wconf 95' lang='lat' dir='ltr'> </span> 
     </span>
    </p>
   </div>
  </div>
 </body>
</html>
