1879 3160
392 184 680 233 VITAM
737 181 1263 231 RUHNKENII.
1394 189 1481 243 385

176 309 367 361 ratione,
416 340 444 364 ,‚
482 311 591 355 inito
625 308 875 354 eruditionis
910 311 1232 365 locupletandae
1260 307 1476 362 consilio,

175 406 202 432 5,
233 393 396 423 veteres
421 413 438 435 ‚
492 382 588 426 inde
624 382 674 424 ab
723 380 989 435 ingeniorum
1032 380 1181 434 fonte,
1232 382 1421 426 Homero
1452 411 1472 434 ‚

172 482 199 506 „
231 455 495 508 scriptores,
525 462 743 504 nunquam
782 452 961 495 remisso
999 452 1142 495 studio
1170 453 1296 509 legite
1330 453 1470 508 legit?

170 551 197 575 ,‚
232 524 359 566 immo
385 536 486 566 vcro
519 519 761 574 excerpsit,
793 531 835 564 et
867 522 911 565 in
935 522 1087 565 horrea
1123 536 1200 566 sua
1221 524 1471 580 congessit,

168 622 196 643 ,‚
227 604 274 635 ut
293 624 308 645 ‚
354 591 561 646 quicquid
594 592 665 633 vel
701 593 754 634 ad
789 593 1013 648 utriusque
1038 595 1205 650 linguae
1229 596 1469 651 rationem,

162 692 191 716 ,‚
222 665 354 706 velad
368 663 617 715 historiam,
645 664 716 705 vel
730 664 782 706 ad
804 666 912 708 ritus
928 675 970 708 et
989 679 1130 710 mores
1155 668 1343 722 gentium
1359 700 1375 723 ‚
1398 671 1472 714 vel

160 766 188 787 „
219 735 270 777 ad
300 735 482 789 priscam
523 732 769 787 sapientiam
812 735 1077 790 pertineret,
1109 737 1151 779 id
1183 748 1373 791 paratum
1399 752 1468 782 es·

160 835 187 860 ‚,
218 817 310 858 set,
350 820 427 860 ac,
466 806 504 849 si
545 817 614 848 res
646 808 913 860 postularet,
954 805 1051 849 inde
1079 807 1287 851 continuo
1305 809 1469 864 depro-

160 910 187 931 „
219 888 423 923 meretur.
447 876 479 896 ’⁹
511 877 617 932 (¹⁸²)
675 876 876 921 Profecto
905 878 1103 922 humanis
1133 878 1299 923 viribus
1326 884 1463 938 majus

155 950 290 993 divini
327 949 409 992 viri
436 950 709 1002 exemplum,
746 950 863 1002 quod
909 951 1060 993 sedulo
1095 949 1264 994 imitans
1307 952 1466 998 Ruhn-

153 1020 333 1071 kenius,
367 1031 498 1071 quum
535 1031 641 1072 puer
668 1017 859 1063 Latinae
893 1030 1036 1064 amore
1073 1019 1279 1063 orationis
1313 1021 1470 1067 incen-

153 1104 225 1133 sus
256 1121 271 1142 ‚
314 1089 461 1131 eodem
501 1088 700 1142 paulatim
739 1089 893 1131 deinde
942 1099 1066 1132 aucto
1113 1098 1157 1132 et
1189 1091 1243 1133 ad
1293 1091 1465 1139 firmum

150 1161 278 1205 animi
313 1158 586 1214 propositum
629 1158 907 1214 habitumque
952 1158 1243 1214 confirmato,
1283 1164 1464 1208 sentiret

149 1231 232 1275 sibi
273 1232 317 1274 in
355 1231 503 1285 primis
549 1233 726 1277 Graccis
769 1229 863 1285 (†)
901 1241 1013 1284 opus
1057 1242 1187 1286 esse,
1229 1234 1283 1277 ad
1327 1234 1462 1279 Hem-

147 1304 405 1347 sterhusium
445 1306 659 1360 accessit,
699 1318 780 1348 non
812 1305 898 1346 tiro
935 1312 975 1345 et
1007 1302 1163 1358 rudis,
1190 1304 1266 1348 sed
1285 1309 1461 1352 univer.

145 1389 216 1416 sae
234 1375 332 1429 jam
361 1373 610 1418 cruditionis
631 1374 878 1434 supellectili
906 1374 1138 1418 instructus
1167 1374 1231 1430 (§
1246 1378 1290 1432 ).
1335 1377 1457 1425 Tum

144 1461 248 1490 vero
300 1447 483 1491 Graecos
524 1459 672 1490 omnes
713 1446 912 1500 deinceps
946 1444 1052 1499 legit
1088 1445 1360 1504 Scriptores,
1402 1465 1454 1494 eo

146 1519 324 1573 ordine,
363 1529 495 1571 eaque
534 1517 730 1570 rati0ne,
772 1529 856 1570 qua
892 1516 975 1558 hoc
1009 1519 1107 1559 loco
1144 1532 1168 1561 a
1196 1519 1461 1574 Wyttenbaae

143 1589 243 1632 chio
272 1591 449 1633 relatum
476 1587 685 1642 legimus:
718 1594 790 1642 et,
826 1599 881 1630 ne
907 1599 931 1629 a
957 1586 1126 1631 Latinis
1150 1590 1454 1654 desuesceret,

144 1660 409 1706 Graecorum
430 1661 608 1705 lectioni
633 1657 889 1703 Latinorum
910 1669 1008 1701 cum
1034 1658 1468 1716 reliquorum‚-tum*

142 1731 292 1789 similis
327 1734 498 1787 quidem
531 1729 766 1788 argumenti
802 1727 1095 1785 scriptorum,
1126 1733 1353 1778 lectionem
1378 1738 1459 1781 ad·

137 1804 314 1858 junxit:
368 1805 553 1859 denique
582 1833 600 1857 ,
649 1815 674 1846 a
715 1800 893 1846 Graecis
936 1801 1098 1847 Literis
1143 1804 1351 1851 docendis
1394 1809 1460 1851 ad¹>

140 1874 316 1918 Latinas
366 1877 589 1920 traductus
657 1903 685 1928 ‚‚
713 1872 817 1917 licet
866 1870 1108 1927 Scriptores
1139 1874 1321 1920 Latinos
1354 1891 1455 1922 om-

142 1977 168 1999 „
198 1960 275 1990 nes
310 1958 430 1991 antea
469 1945 677 2000 legisset,
722 1955 891 1998 tamen,
921 1945 1000 1988 hac
1043 1957 1242 2003 suscepta
1279 1951 1460 2004 profes-r

142 2046 168 2071 ,‚
197 2017 351 2072 sione,
382 2018 534 2060 iterum
570 2018 596 2059 a
632 2015 772 2070 prImo
806 2018 859 2060 ad
888 2029 1150 2074 postremum
1193 2030 1340 2064 omnes
1377 2034 1449 2065 re·

140 2089 298 2143 „legit
347 2100 389 2133 et
431 2087 685 2144 excerpsit3
742 2109 801 2122 -
839 2097 888 2131 ut
927 2100 1127 2144 quantam
1172 2089 1444 2138 Graecarum

136 2189 162 2211 „
192 2159 437 2213 collegisset
463 2189 482 2215 ,
533 2169 692 2203 tantam
738 2157 841 2202 item
900 2162 1122 2217 colligeret
1174 2163 1444 2208 Latinarum

134 2258 161 2281 „
192 2228 360 2281 copiam
421 2232 720 2284 materiemque
768 2230 1026 2277 Literarum.
1063 2233 1097 2252 ’'
1150 2231 1272 2289 (4).
1355 2235 1442 2279 Sed

131 2308 220 2341 tum
257 2300 381 2342 XXX
420 2300 509 2344 fere
555 2315 764 2346 annorum
813 2314 990 2347 aetatem
1029 2315 1318 2359 consecutus,
1349 2317 1440 2363 non

1360 2388 1446 2421 am-

180 2463 274 2512 (*)
301 2462 393 2505 vid.
419 2476 532 2513 supra
556 2467 675 2514 Elog.
702 2480 742 2516 p.
763 2470 825 2508 28.

177 2526 271 2576 (†)
300 2529 381 2566 vit.
411 2529 573 2568 Ruhuk.
601 2542 641 2578 p.
668 2531 716 2578 6,
748 2544 814 2577 10,
845 2543 884 2570 ῐῐ
908 2561 918 2578 ‚
951 2545 1017 2579 12,
1049 2545 1109 2583 17.

176 2590 270 2643 (S)
302 2593 403 2632 ibid.
432 2606 469 2642 p.
492 2605 551 2632 α).
708 2593 939 2703 (Js)1;i}‚id.
968 2609 1007 2645 p.
1030 2609 1090 2646 94.
