1879 3160
333 175 416 228 408
613 165 1348 216 ANNOTATIOAD

337 293 488 336 Saxius
511 292 560 334 P.
581 287 679 333 VII.
711 300 760 341 p.
787 298 858 342 59.
918 287 1055 332 Henr.
1078 287 1385 343 Hoogevenius
1400 321 1414 344 ,
1437 294 1634 349 cognitus

339 365 554 419 praeclaro
570 372 698 414 opere
710 358 941 401 Doctrinae
960 360 1260 402 Particularum
1285 361 1416 414 Ling.
1435 362 1636 417 Graecae,

343 443 383 476 et
396 430 618 484 exquisitis
643 432 695 474 ad
708 431 760 474 F.
774 429 977 483 vigetum
993 429 1044 471 de
1063 429 1293 474 Idiotismis
1309 432 1495 476 libellum
1511 435 1640 477 anim-

343 499 694 553 adversionibus,
728 515 834 555 quae
855 513 977 543 verae
997 512 1300 555 accurataeque
1320 504 1535 547 doctrinae
1553 514 1642 546 stu-

345 572 511 614 diosum
547 570 753 613 neminem
805 573 934 614 latere
979 574 1170 617 debent:
1214 574 1303 618 vid.
1338 578 1428 631 ejus
1463 573 1565 615 Vita
1599 574 1643 615 in

346 642 534 687 Harlesii
575 640 688 685 Vitis
719 641 878 685 Philol.
927 641 1034 686 Vol.
1062 643 1144 688 IV.
1187 658 1234 698 p.
1280 657 1356 698 114
1385 671 1436 679 -
1466 648 1563 698 183.
1606 653 1648 685 et

349 715 501 756 Saxius
533 713 566 760 1.
597 724 639 754 c.
671 712 722 754 P.
746 712 870 756 VIII.
900 726 948 767 p.
972 727 1049 768 47.
1072 714 1219 768 ibique
1245 716 1419 760 laudati.

404 785 456 828 P.
488 786 564 838 46.
622 783 865 840 Temporum
904 807 959 817 —
991 784 1328 841 adversitatem]
1400 786 1571 841 Optime
1605 785 1649 828 in

352 854 646 912 paronomasia
676 855 908 908 respondet
939 855 1134 907 sequenti
1167 855 1375 897 hominum
1396 857 1653 912 por-versita-

354 939 465 972 tem:
497 939 606 980 quae
643 925 781 973 ratio,
821 924 985 967 etiamsi
1018 938 1106 967 non
1143 927 1391 970 haberemus
1426 926 1551 970 Plinii
1587 929 1653 968 lo-

315 1044 330 1057 ,
356 1013 454 1045 cum
484 997 605 1041 Hist.
634 997 738 1043 Nat.
768 996 859 1049 XI,
892 1008 977 1050 25,
1008 998 1077 1039 vel
1113 998 1204 1039 sola
1238 999 1414 1041 sufficiat
1439 999 1489 1040 ad
1509 996 1657 1039 defen-

356 1070 531 1121 dendam
550 1100 564 1121 ‚
597 1077 710 1110 certe
735 1067 1009 1110 excusandam
1029 1098 1044 1120 ‚
1083 1068 1280 1110 rariorem
1303 1068 1530 1110 dictionem
1557 1077 1660 1108 tems·

356 1153 507 1200 porum
545 1137 804 1181 adversitas:
850 1137 894 1180 in
942 1150 1023 1190 qua
1064 1148 1201 1182 tamen
1249 1140 1355 1183 nihil
1393 1149 1496 1190 est,
1543 1137 1659 1190 quod

363 1212 455 1254 sive
479 1222 573 1253 cum
605 1208 797 1262 Linguae
823 1208 1013 1263 analogia
1052 1221 1239 1263 pugnet,
1272 1212 1361 1253 sive
1396 1222 1489 1253 cum
1516 1210 1660 1262 singu·

364 1287 504 1327 iorum
532 1281 836 1325 vocabulorum
872 1293 954 1322 usu
987 1293 1034 1334 ac
1062 1279 1385 1334 significatione.
1445 1267 1663 1333 Nampri÷

372 1371 484 1409 mum
513 1364 639 1399 notae
665 1350 892 1406 probitatis
924 1350 1099 1403 phrases
1124 1361 1224 1393 sunt
1246 1365 1311 1392 res
1336 1349 1562 1402 adver-sae,
1592 1364 1664 1392 ca·

370 1442 438 1479 sus
471 1423 664 1472 adv-ersi,
702 1422 753 1463 de
777 1421 1119 1462 calamitatibus:
1153 1421 1240 1463 vid.
1278 1421 1431 1463 Cicero
1458 1421 1507 1462 de
1534 1420 1661 1464 offic.

369 1498 409 1539 I.
440 1495 513 1537 26.
571 1489 733 1534 Deinde
763 1489 1017 1532 substantivi
1033 1492 1172 1533 locum
1197 1504 1501 1544 nonnunquam
1523 1500 1672 1539 tenent

375 1565 596 1610 adversum
623 1571 662 1602 et
678 1558 887 1611 adversa,
913 1569 959 1601 ut
984 1562 1095 1612 apud
1120 1562 1455 1618 Cicer.Brut.4.
1487 1562 1666 1604 Terent.

375 1640 489 1693 Hec.
516 1635 606 1686 ΙΙΙ,
642 1646 694 1686 3,
727 1631 800 1673 28.
857 1630 969 1673 Plin.
1009 1632 1164 1687 Paneg.
1204 1648 1276 1690 31.
1326 1635 1469 1677 Tacit.
1510 1633 1670 1676 Annal.

380 1714 432 1763 1,
469 1722 486 1750 1
509 1736 526 1760 ,
567 1705 690 1759 cujus
728 1701 787 1742 ibi
813 1710 876 1743 est
909 1701 1086 1745 adversa
1113 1714 1370 1761 temporum,
1412 1705 1453 1747 id
1491 1715 1584 1757 est,
1626 1714 1675 1746 ut

381 1784 430 1826 h.
458 1783 490 1823 1.
517 1773 689 1828 scr-ipsit
712 1771 1069 1825 Wyttenbachius
1087 1803 1102 1825 ‚
1140 1773 1391 1821 adver-sitas.
1448 1775 1677 1827 Denique,

386 1861 435 1894 ut
467 1852 544 1891 aba
581 1855 734 1887 taceam
755 1873 771 1895 ‚
812 1842 1007 1885 similiter
1043 1853 1269 1900 temporum
1304 1847 1490 1888 varietas
1525 1846 1679 1899 legitur

387 1919 501 1976 apud
528 1916 673 1959 Cicer.
697 1912 747 1954 ad
768 1911 869 1955 Div.
897 1912 989 1967 VI,
1021 1917 1064 1957 6.
1127 1915 1202 1958 Cf.
1225 1917 1275 1958 ad
1299 1917 1346 1959 h.
1372 1919 1403 1959 1.
1429 1917 1623 1960 Lindem.

386 1999 418 2046 il}
444 1992 495 2035 P,
527 2001 601 2042 47.
662 1982 933 2037 Arrzczldzzm⁹
964 1986 992 2025 ἁ
1016 1985 1176 2027 Literis
1201 1985 1262 2027 ad
1287 1985 1681 2043 jurisprudentiam

382 2062 650 2124 profectam,
680 2059 915 2098 immatura
938 2067 1068 2098 morte
1083 2057 1146 2098 his
1167 2060 1295 2100 terris
1310 2057 1529 2113 creptum]
1561 2057 1683 2100 Obiit

391 2134 574 2190 optimae
605 2128 696 2181 spei
720 2128 889 2182 juvenis
909 2159 924 2181 ,
957 2128 1016 2171 G.
1045 2129 1290 2180 Arnaldus,
1325 2127 1687 2182 jurisprudentiae

390 2205 614 2251 Professor
630 2201 1005 2253 Franequeranus‚
1035 2213 1144 2247 anno
1174 2198 1406 2252 superioris
1436 2200 1568 2242 seculi
1584 2199 1685 2254 XL,

393 2275 540 2328 aetatis
588 2271 773 2315 nondum
821 2273 1034 2324 completo
1067 2272 1224 2314 XXIX.
1282 2270 1447 2312 Praeter
1486 2273 1689 2314 laudatam

396 2344 711 2392 l-iemsterhusii
748 2343 991 2386 Orationem
1020 2342 1238 2385 funebrem
1256 2374 1270 2396 ‚
1311 2342 1459 2385 editam
1487 2344 1531 2386 in
1560 2343 1692 2385 Hem-

398 2420 531 2463 sterh.
557 2429 596 2460 et
618 2415 910 2459 Valckenaerii
949 2415 1090 2459 Oratt.
1128 2428 1171 2467 p.
1201 2426 1279 2467 157
1305 2428 1404 2467 sqq.
1447 2415 1533 2457 vid.
1569 2414 1694 2454 Vrie-

397 2501 525 2531 ruoet.
553 2489 709 2530 Athen.
740 2486 850 2529 Fris.
882 2499 927 2538 p.
958 2489 1032 2540 33¹⁴
1057 2499 1157 2538 sqq.
1185 2486 1334 2527 Saxius
1349 2486 1507 2529 Onom.
1530 2485 1619 2528 Lit.
1640 2485 1691 2528 P.

394 2561 484 2612 Vi,
517 2573 560 2612 p.
589 2572 690 2612 430.
752 2557 1006 2608 llauboldus
1038 2558 1067 2606 l.
1094 2569 1134 2598 c.
1178 2569 1221 2599 n.
1253 2555 1480 2599 CCLVII.
1512 2567 1559 2608 p.
1592 2566 1693 2606 204.

1583 2623 1693 2668 ibid·
