1879 3160
331 207 538 255 vrrA
568 207 618 249 M
678 196 1207 248 RUHNKENH.
1348 205 1432 259 3⁶2

132 338 361 385 Ceterum,
407 334 522 386 quod
567 331 624 374 ait
674 326 1036 381 wyttenbachius
1063 357 1080 379 ,
1125 325 1434 371 Ruhnkenium

137 408 234 460 plns
260 405 417 448 vidisse
457 402 703 457 parentibus
747 398 868 450 suis,
900 398 943 440 id
977 399 1070 452 ipse
1108 398 1247 442 fassus
1286 408 1351 440 est
1390 396 1438 440 in

134 475 271 520 literis
304 477 356 518 ad
386 476 506 518 illum
542 470 714 525 scriptis
732 500 748 523 ,
778 483 916 525 nuper
951 471 1074 513 editi5
1105 470 1148 512 in
1178 470 1279 515 Vita
1308 469 1438 524 Wyt-

135 547 256 591 tenb.
290 560 336 601 p.
361 549 433 591 88.

196 619 247 662 P.
284 632 354 675 19.
408 617 574 675 juvene
610 613 786 672 quodam
822 611 954 670 nobile
983 626 1035 655 ac
1067 612 1231 669 divite]
1290 610 1448 658 Uffen-

137 690 323 743 bachio,
367 690 420 732 ad
457 691 582 744 cujus
623 685 874 730 moderanda
911 684 1083 737 studia,
1129 697 1216 737 quo
1253 694 1447 741 tempore

139 761 277 805 adhuc
322 760 613 813 XVittebergae
660 758 876 812 degebat,
922 759 1083 800 electus
1129 756 1447 812 Ruhnkenius,

142 844 237 875 cum
263 831 408 873 eodem
441 831 659 883 aliquanto
697 840 829 885 post,
861 827 1126 882 perlustratis
1163 827 1446 871 nobilissimis

142 903 396 946 Germaniae
423 912 466 945 et
500 902 632 956 Belgii
656 900 902 955 regionibus
920 931 935 953 ,
966 900 1009 942 in
1043 900 1151 942 hanc
1180 898 1450 942 Academiam

144 975 309 1016 delatus
339 984 431 1015 est:
467 986 516 1014 cx
543 987 629 1026 quo
664 986 766 1016 vero
809 973 878 1015 ille
905 984 1040 1014 morte
1064 972 1194 1024 patris
1221 971 1453 1014 conturba-

144 1056 216 1087 tus
238 1045 282 1088 in
318 1043 492 1098 patriam
529 1043 800 1097 remigravit,
842 1042 935 1095 ipse
972 1040 1186 1083 literarum
1227 1041 1452 1082 humanio-

146 1129 240 1158 rum
274 1113 525 1164 dulcedine,
559 1122 601 1153 et
624 1112 927 1164 praestantium
964 1111 1263 1165 magistrorum
1292 1112 1453 1154 doctri-

144 1198 198 1229 na
235 1194 418 1237 cathS,
451 1183 495 1225 in
531 1182 732 1236 Batavia,
764 1196 863 1226 vera
902 1183 1042 1225 omnis
1079 1184 1352 1226 humanitatis
1373 1197 1454 1226 nu-

144 1254 280 1307 trice,
307 1266 577 1307 permanere,
598 1254 745 1308 ibique
767 1253 981 1297 fortunam
1006 1267 1154 1307 suam,
1188 1255 1224 1297 si
1238 1255 1332 1297 fieri
1350 1270 1453 1309 pos-

146 1336 212 1370 set
229 1361 243 1383 ,
275 1325 463 1368 stabilire
488 1325 743 1370 constituit:
778 1339 885 1379 quae
911 1325 999 1368 fere
1028 1337 1127 1369 sunt
1155 1327 1295 1381 ipsius
1323 1329 1455 1371 verba

149 1411 200 1441 ex
237 1396 414 1440 laudatis
441 1395 607 1450 saepius
651 1396 785 1439 literis
826 1411 871 1450 p.
903 1400 1005 1449 872.
1081 1399 1354 1455 Quibuscum
1389 1399 1452 1443 cf.

150 1471 237 1526 Ep.
273 1470 326 1512 ad
360 1468 521 1510 Ritter.
554 1481 600 1519 p.
643 1471 723 1521 768
767 1478 808 1510 et
843 1480 943 1522 773.
977 1478 1019 1509 et
1047 1468 1183 1514 Praef.
1221 1481 1370 1517 nostra
1403 1484 1453 1526 p.

150 1555 263 1585 vm.
324 1540 406 1583 Sed
428 1540 479 1581 de
504 1537 790 1581 Uffenbachio
818 1539 989 1592 dicere,
1030 1538 1090 1581 nil
1117 1541 1284 1586 attinet.
1348 1543 1460 1585 Obi-

154 1624 219 1658 ter
233 1612 422 1656 addimus
439 1641 455 1664 ,
482 1619 530 1652 ut
555 1623 682 1664 supra
701 1611 898 1663 Octobri,
931 1611 1051 1653 sich.
1068 1613 1099 1654 1.
1124 1612 1279 1666 nobili,
1311 1624 1460 1656 aucto·

156 1699 202 1727 re
239 1681 454 1726 Prisciano
500 1679 585 1724 VII
609 1713 625 1734 ,
671 1697 696 1737 9
725 1715 741 1736 ,
796 1683 1052 1738 praetulisse
1101 1683 1458 1730 Lindemannum.

155 1756 293 1800 Recte
328 1754 538 1796 fortasse:
584 1766 834 1807 quamquam
884 1769 972 1799 non
1013 1756 1064 1798 de
1096 1757 1233 1800 nihilo
1267 1768 1369 1800 sunt
1408 1759 1460 1801 ab

159 1830 256 1884 ipso
281 1830 433 1880 allata,
462 1840 483 1867 e
509 1824 707 1867 Charisio
723 1856 738 1878 ,
780 1828 903 1882 cnjus
929 1831 1046 1871 nulla
1066 1829 1193 1872 nobis
1218 1830 1460 1884 dissensio,

157 1899 245 1940 imo
266 1897 413 1951 potius
436 1910 596 1938 summa
624 1899 851 1941 consensio
879 1912 972 1942 esse
1005 1900 1202 1953 videtur,
1236 1901 1461 1944 Ciceronis

158 1968 317 2019 verba,
360 1967 513 2009 diserte
551 1969 776 2012 scribentis
817 1970 958 2026 aliquo
993 1973 1210 2015 excellente
1245 1987 1298 2015 ac
1331 1973 1465 2039 qglgg'le
1490 1962 1549 2013 sl.
1569 1973 1676 2034 [2:21ss

159 2051 266 2081 vtro.

219 2112 327 2154 lbid.
382 2110 512 2156 Recto
539 2126 589 2154 ac
612 2111 846 2157 brevissimo
867 2113 1001 2156 tendit
1023 2117 1204 2167 itinere,
1234 2117 1355 2158 malla
1366 2117 1465 2171 jam

163 2180 419 2223 diverticula
443 2184 670 2240 captans.]
717 2185 962 2229 Ruhnkenii
993 2187 1230 2239 exemplum
1261 2198 1464 2241 secutus,

164 2253 275 2295 idem
301 2253 404 2295 fecit
430 2254 819 2310 wyttenbachius,
850 2259 971 2313 cujus
996 2256 1117 2301 conf.
1146 2257 1246 2299 Vita
1274 2271 1317 2310 p.
1346 2270 1424 2310 91.

221 2323 333 2366 lbid.
399 2325 639 2369 Gerardum
665 2329 1022 2379 Meermannumg
1065 2327 1284 2381 Syndicmn
1327 2327 1473 2371 Rotto-

164 2395 479 2452 rodamcnsem]
541 2398 696 2441 Verius
713 2431 728 2451 ,
773 2413 864 2440 eum
880 2430 894 2451 .,
953 2400 1025 2452 qm*
1056 2408 1196 2453 postea
1239 2399 1468 2454 Syndicus‚

163 2466 257 2510 sive
271 2497 286 2519 ‚
314 2478 361 2509 ut
376 2471 507 2523 vulgo
528 2469 682 2510 dicitur
698 2501 713 2521 ,
737 2468 1035 2510 pensionarius
1049 2500 1063 2521 ,
1093 2470 1472 2515 Rotteroclamensis

157 2539 282 2594 suit:
317 2553 410 2582 eum
435 2541 542 2583 enim
584 2553 728 2583 recens
775 2541 825 2581 ad
858 2541 963 2583 hanc
998 2540 1242 2594 dignitatem
1278 2555 1469 2587 evectum

170 2623 294 2665 esse,
324 2610 491 2656 Rittero
510 2625 549 2656 a.
580 2614 707 2665 1748.
730 2610 904 2665 scripsit
927 2611 1158 2658 Ruhnken.
1183 2615 1213 2658 l.
1239 2627 1279 2658 c.
1303 2628 1349 2670 p.
1365 2617 1467 2668 796.

1368 2685 1471 2728 vid.

1715 1974 1843 2016 ....‘'st.
