1879 3160
360 197 448 251 296
601 197 786 241 VITA
829 198 889 240 D.
937 196 1406 247 RUHNKENII.

365 322 492 365 modo
521 330 641 371 quem
669 316 796 359 animi
821 330 969 362 caussa
1001 318 1259 374 inspiceret,
1292 321 1366 363 sed
1395 335 1519 374 quem
1547 324 1669 379 cogi·

367 403 452 436 tate
482 393 654 442 legeret.
715 389 779 431 Ac
803 390 852 432 de
879 391 973 433 aliis
998 392 1165 444 quidem
1188 392 1359 436 edendis
1381 394 1502 437 libris
1529 397 1672 439 dimit-

370 463 542 508 tendum
570 471 662 501 esse
683 461 951 513 propositum
967 492 983 514 ,
1011 461 1054 504 in
1077 462 1168 505 dies
1193 463 1323 517 magis
1346 465 1564 520 magisque
1585 467 1673 512 ani-

369 532 655 579 madvertebat
670 562 685 584 ,
719 529 900 576 subinde
921 531 1117 576 dictitans
1135 565 1152 587 ,

421 621 528 658 Vitae
546 631 687 657 summa
701 620 824 658 brevis
839 628 943 666 spem
959 629 1026 655 nos
1042 628 1143 657 vetat
1161 620 1339 660 inchoare
1353 623 1499 670 longam
1522 621 1651 671 (126)
1662 633 1677 661 =

373 700 424 742 de
464 711 551 740 uno
591 709 679 740 non
724 693 973 747 desperabat
1010 694 1247 740 Scholiasta
1284 700 1518 746 Platonico.
1591 701 1677 742 Illo

372 781 564 822 tempore
597 767 699 809 mihi
723 778 870 808 rursus
908 767 931 808 a
967 767 1250 811 Curatoribus
1278 772 1406 824 hujus
1431 772 1678 814 Academiae

375 841 633 885 offerebatur
664 837 860 880 cathedra
894 835 1129 879 Literarum
1164 838 1504 894 Hunmniorum,
1547 856 1678 896 eaque

372 913 687 962 universarum,
730 907 877 951 iisdem
914 906 1107 960 finibus,
1143 908 1298 961 quibus
1336 925 1422 953 eam
1459 914 1679 959 Amstelo-

372 983 483 1026 darni
524 981 737 1024 tenebam.
808 980 906 1033 Ego
949 979 1149 1023 diuturna
1195 983 1425 1023 multorum
1472 995 1679 1030 annorum

375 1052 686 1096 consuetudine
716 1050 949 1103 multisque
985 1050 1266 1093 suavitatibus
1301 1052 1353 1093 ad
1388 1063 1569 1095 veterem
1597 1063 1681 1096 sta-

377 1123 535 1166 tionem
568 1122 823 1174 adstrictus,
866 1123 1004 1164 minus
1046 1120 1168 1162 etiam
1199 1134 1322 1173 quam
1351 1132 1470 1165 antea
1507 1123 1682 1166 inclina·

376 1196 472 1238 bam
495 1194 546 1236 ad
571 1193 684 1235 illam
709 1205 803 1233 cum
823 1193 1187 1246 Lugdunobatava
1214 1192 1394 1235 statione
1419 1204 1681 1241 commutan-

378 1268 502 1318 dam3
552 1263 669 1317 quod
703 1262 746 1303 in
785 1276 830 1305 ea
862 1262 964 1303 mihi
1003 1275 1101 1305 mox
1138 1266 1228 1319 ejus
1263 1265 1386 1313 unica
1417 1265 1680 1317 maximaque

380 1338 616 1387 suavitate,
649 1331 896 1376 Ruhnkenii
932 1333 1058 1384 luce,
1092 1336 1312 1376 carendum
1346 1349 1437 1378 esse
1470 1337 1682 1391 intellige·

377 1421 481 1450 rem.
532 1405 669 1448 Nolui
693 1414 830 1446 tamen
857 1402 1027 1456 penitus
1054 1418 1274 1456 recusare,
1294 1405 1505 1458 flagitante
1529 1407 1682 1449 Ruhn-

375 1476 531 1519 kenio:
576 1489 700 1530 grave
738 1485 864 1526 atque
901 1475 1003 1516 adeo
1041 1475 1236 1529 religioni
1271 1476 1461 1527 ducens,
1493 1476 1568 1518 hac
1603 1489 1682 1529 spe

378 1545 631 1600 simpliciter
660 1555 701 1587 et
725 1543 897 1586 omnino
924 1545 1224 1599 praecidenda,
1257 1544 1408 1599 optimi
1435 1547 1575 1600 senis,
1608 1548 1685 1590 mi-

289 1625 368 1667 277
381 1618 426 1659 hi
468 1618 599 1671 patris
628 1616 761 1660 instar
789 1615 988 1667 colendi,
1017 1617 1099 1670 jam
1126 1617 1206 1671 Jam
1238 1630 1288 1658 ex
1314 1618 1392 1665 hac
1419 1617 1503 1660 vita
1525 1617 1684 1661 abeun-

379 1688 433 1730 tis
462 1719 478 1740 ‚
535 1699 765 1729 extremum
811 1699 978 1741 tempus
1026 1690 1458 1743 tranquillitatemque
1497 1690 1681 1733 turbare.

379 1759 615 1813 Negotium
646 1758 884 1801 vocationis
921 1758 1209 1803 intermissum
1234 1774 1332 1802 mox
1365 1760 1568 1803 abdicatis
1593 1761 1684 1809 Cu-

381 1831 624 1883 ratoribus‚
658 1831 931 1872 instauratum
969 1841 1033 1872 est
1064 1842 1166 1885 post
1203 1832 1451 1875 Ruhnkenii
1483 1833 1682 1885 obitum,

380 1903 528 1946 iisdem
552 1901 762 1945 restitutis
787 1915 929 1944 mense
954 1890 1224 1944 Novembre:
1263 1915 1390 1955 quum
1417 1901 1680 1954 reciperent,

380 1973 590 2026 siquidem
618 1973 798 2015 oblatam
823 1974 1058 2015 cathedram
1087 1973 1316 2026 acciperem
1335 2003 1350 2024 ,
1383 1984 1429 2013 se
1452 1970 1566 2012 omni
1592 1981 1685 2011 stu-

380 2044 454 2085 dio
483 2043 594 2097 apud
620 2042 817 2087 Senatum
849 2045 1124 2099 Reipublicae
1150 2044 1328 2085 Batavae
1362 2053 1593 2085 conaturos
1620 2039 1683 2081 cf-

383 2113 540 2167 ficcre,
583 2126 629 2155 ut
661 2128 850 2157 caussam
889 2114 1067 2158 familiae
1105 2112 1465 2163 Riihnlzenianac,
1510 2113 1560 2154 de
1599 2125 1682 2164 qua

382 2185 652 2228 vehementer
703 2187 943 2229 laborabam
964 2218 978 2239 ‚
1034 2187 1340 2229 obtineremus.
1415 2185 1474 2226 Et
1515 2184 1681 2237 fateor,

382 2255 484 2297 haec
519 2255 642 2297 unica
677 2255 759 2299 fuit
794 2258 1018 2310 conditio,
1063 2272 1144 2311 qua
1181 2256 1499 2299 Amstelodamo
1531 2253 1681 2296 abduci

381 2340 583 2381 possem:
616 2339 720 2378 nce,
753 2327 834 2369 nisi
861 2342 906 2370 ea
940 2330 1162 2382 confecta,
1196 2329 1400 2370 abductus
1425 2339 1536 2369 sum.
1598 2326 1681 2367 Sed

381 2398 480 2439 hacc
510 2408 658 2451 postca
691 2399 954 2444 acciderunt.
1024 2392 1103 2445 lllo
1140 2410 1360 2456 tempore,
1404 2411 1448 2442 ut
1477 2400 1678 2450 collegam

1615 2479 1682 2508 me

431 2590 572 2643 (126)
602 2597 731 2637 llomt.
758 2599 883 2640 Carm.
910 2600 955 2649 Ι,
983 2613 1031 2650 4,
1063 2613 1123 2652 15·
