1879 3160
453 244 640 297 VITA
684 250 743 295 D.
792 248 1247 296 RUHNKENII.
1422 256 1506 306 289

195 378 312 420 litate
340 404 356 426 ‚
404 384 616 428 tamquam
656 372 776 417 fonte
806 405 822 425 ,
867 373 1056 417 fluxerit.
1143 373 1202 417 Et
1245 373 1364 427 quod
1405 373 1508 418 Hir-

193 437 279 489 tius
307 447 469 500 (118)
497 446 549 488 de
586 445 766 488 Caesare
804 442 938 495 dixit,
970 445 1076 488 alios
1107 446 1215 488 scire
1243 459 1365 499 quam
1394 446 1506 490 bene

194 517 414 571 scripserit
432 548 447 569 ,
480 521 525 558 se
547 529 650 559 vero
678 509 798 558 ctiam
826 526 946 568 quam
971 508 1092 559 facile
1110 515 1356 570 scripserit:
1392 516 1502 559 idem

196 589 301 632 mihi
333 589 481 632 videor
515 589 566 630 de
606 583 867 631 Ruhnkenio
901 601 1030 641 posse
1065 583 1221 630 dicere.
1282 588 1382 630 Vidi
1407 602 1502 632 cum

194 653 269 703 diu
293 673 340 702 ac
366 671 491 712 saepe
509 690 523 710 ‚
548 656 636 702 vidi
662 673 755 702 eum
782 659 822 702 In
846 658 961 701 omni
985 658 1092 701 vitae
1110 672 1283 702 munere
1309 670 1350 702 et
1372 662 1506 704 actio-

193 735 279 781 ne,
319 728 362 771 in
393 728 507 771 omni
532 726 770 772 Literarum
796 729 938 772 studio
962 742 1001 773 et
1026 731 1406 775 commentatione:
1441 744 1507 775 to-

196 806 288 844 tum
320 792 534 843 hominem
566 800 616 841 ad
652 793 894 843 facilitatem
927 811 1070 844 natum
1104 801 1352 854 factumque
1377 815 1505 856 esse,

195 862 299 914 v'idi.
373 871 484 913 Sunt
521 863 595 923 qui
632 872 683 914 ad
725 872 993 915 scribendum
1034 873 1314 926 accedentes,
1357 873 1505 916 nescio

198 941 334 995 quid,
377 943 643 996 moliantur,
690 943 734 985 in
769 935 925 984 chartis
964 943 1219 996 calamisque
1258 957 1508 998 praeparan-

199 1005 297 1065 dis,
330 1013 451 1056 libris
489 1014 787 1067 expromendis
820 1024 861 1056 et
888 1013 939 1056 ad
966 1024 1133 1054 manum
1166 1015 1405 1068 ponendis,
1439 1027 1508 1059 to·

200 1094 265 1127 tas
292 1085 418 1127 horas
455 1095 736 1137 consumant,
766 1097 812 1126 ac
837 1082 970 1127 veluti
1001 1082 1052 1125 ad
1084 1087 1410 1138 oppugnandam
1439 1101 1509 1130 ur·-

196 1152 292 1198 bem
315 1151 430 1198 omni
457 1167 502 1197 se
530 1155 815 1198 instrumento
834 1165 1030 1207 arment,
1063 1164 1104 1196 et
1133 1157 1251 1209 quasi
1279 1160 1392 1201 vallo
1417 1158 1510 1202 cin-

196 1237 328 1282 gant:
374 1237 464 1269 tum
511 1233 643 1269 totam
690 1220 890 1269 familiam
930 1227 1112 1267 clamore
1154 1236 1197 1269 et
1231 1228 1427 1271 convicio
1459 1230 1512 1272 ad

199 1298 405 1341 auxilium
430 1292 652 1340 ferendum
679 1292 884 1341 excitent.
928 1292 1017 1336 Alii
1033 1294 1142 1340 beati
1159 1331 1174 1352 ,
1208 1314 1388 1354 quorum
1410 1302 1512 1344 ima-

203 1371 325 1426 gines
346 1371 389 1414 in
416 1367 584 1413 tabellis
612 1378 707 1411 aere
733 1365 942 1422 expressis
959 1397 974 1420 ,
1010 1380 1115 1419 quae
1138 1364 1345 1415 librorum
1374 1374 1511 1416 titulis

200 1442 379 1497 praefigi
414 1436 591 1492 solent,
623 1450 943 1491 nonnumquam
979 1433 1190 1483 vidimus:
1226 1442 1346 1485 sedet
1378 1444 1515 1486 domi·

198 1526 282 1555 nus
312 1503 357 1555 'in
384 1508 520 1566 ampla
551 1507 840 1561 bibliotheca,
873 1503 991 1550 talari
1027 1521 1144 1553 veste
1167 1510 1372 1568 indutus,
1404 1516 1512 1558 scri·

204 1581 312 1623 bens
331 1612 345 1634 ,
378 1583 688 1638 cogitabundus
705 1613 720 1634 ,
754 1592 902 1623 severo
928 1581 1077 1622 vultu:
1112 1580 1268 1627 interea
1293 1585 1436 1630 famuli
1462 1587 1517 1630 li·

206 1653 331 1696 'terati
362 1663 532 1708 praesto
561 1662 694 1705 sunt,
729 1655 860 1695 scalas
893 1651 1120 1695 admovent
1143 1655 1340 1710 scriniis,
1374 1660 1509 1704 libros

202 1734 440 1779 promunt,
472 1726 712 1776 evolvunt,
740 1733 909 1777 apertos
936 1722 1108 1766 domino
1135 1725 1349 1771 adferunt.
1393 1730 1512 1787 Quid

202 1794 390 1839 dicamus
408 1789 430 1839 ‘2

306 1883 516 1921 Parturiunt
537 1886 706 1923 montes}
733 1893 903 1924 nascetur
920 1883 1096 1923 ridiculus
1121 1894 1202 1922 mus
1227 1881 1252 1935 (
1267 1883 1385 1933 119).

198 1959 249 2003 In
275 1960 535 2004 Ruhnkenio
575 1961 635 2004 nil
667 1963 765 2004 tale.
832 1962 987 2007 Omnia
1005 1966 1122 2007 solus
1158 1975 1199 2007 et
1220 1964 1351 2007 tacito
1376 1974 1418 2007 et
1447 1964 1509 2007 fa-

203 2032 284 2075 cile
319 2032 575 2088 peragebat:
610 2032 936 2087 interpellatus,
969 2047 1012 2078 et
1043 2037 1208 2091 placide
1247 2035 1511 2089 relinquebat

203 2115 348 2158 opus,
382 2115 423 2148 et
461 2104 652 2147 alacriter
686 2105 926 2157 repetebat:
961 2108 1021 2151 nil
1050 2107 1254 2161 temporis
1292 2104 1602 2163 subsecivi269

204 2177 344 2229 perire
378 2177 551 2229 sinens,
584 2175 792 2220 continuo
826 2177 874 2225 in,
909 2177 1210 2221 bibliothecam
1234 2190 1279 2221 se
1304 2192 1420 2221 suam
1447 2191 1517 2221 re-

205 2246 400 2299 cipiens,
434 2260 601 2301 semper
641 2247 684 2289 in
723 2248 947 2301 procinctu
976 2259 1017 2292 et
1051 2250 1233 2293 abeundi
1265 2260 1306 2292 et
1337 2251 1514 2292 redeun-

204 2315 288 2368 di,
331 2315 382 2357 ad
415 2327 644 2370 utrumque
682 2327 882 2371 paratus:
928 2321 1101 2362 laudans
1138 2321 1367 2362 Ernestum
1414 2320 1514 2361 item

204 2386 484 2430 factitantem.
547 2386 681 2438 Sane,
715 2390 788 2440 qui
814 2392 973 2433 multos
1004 2401 1045 2433 et
1070 2391 1264 2451 egregios
1289 2391 1383 2431 vult
1409 2389 1514 2431 scri-

1442 2460 1516 2502 be-

258 2549 406 2601 (118)
436 2550 558 2599 Epist.
585 2553 628 2590 ad
655 2550 811 2593 Balbum
834 2583 846 2602 ,
874 2558 1071 2605 praemissa
1092 2556 1193 2594 libro
1213 2557 1334 2603 VIII,
1361 2556 1406 2595 de
1431 2557 1514 2595 Bel-

208 2617 249 2656 lo
273 2617 435 2653 Gallico,

258 2675 406 2730 (119)
433 2677 563 2720 Horat.
590 2680 674 2721 Art.
701 2681 812 2723 Poe‘t.
834 2692 917 2732 139.
963 2736 1005 2790 Τ
