1879 3160
436 173 710 223 v1TAM
773 162 1285 218 RUHNKENH.
1435 174 1515 226 381

220 329 246 358 ,5
275 299 555 357 pauclssimos
582 298 767 351 ipsarum
803 294 926 337 unice
951 307 1100 337 caussa
1129 304 1170 337 et
1200 304 1372 346 amore,
1404 304 1446 336 et
1471 303 1522 337 ut-

217 402 245 426 „
275 373 317 416 in
355 374 541 426 ipsarum
589 369 732 412 studio
774 365 886 408 vitae
921 366 1238 408 tabernaculum
1281 375 1459 420 ponant.
1486 366 1518 385 ’'

215 443 296 486 His
323 456 423 496 ergo
449 440 619 492 missis,
650 438 757 480 illud
792 438 938 490 potius
956 467 970 489 ,
1008 438 1124 490 quod
1152 450 1266 480 nunc
1298 439 1520 492 volumus,

214 513 508 556 declarandum
533 520 612 553 est.
657 510 833 554 Illorum
852 508 1010 564 igitur,
1046 509 1118 561 qui
1146 509 1265 562 pueri
1282 509 1444 552 Graece
1470 521 1520 551 ao

214 582 373 625 Latine
396 581 594 635 discunt,
625 591 697 624 aut
721 593 867 635 parum
905 590 975 622 aut
1009 580 1117 623 nihil
1148 584 1352 624 interesse
1375 592 1522 622 cense-

214 666 339 705 mus,
370 652 422 694 ab
452 663 550 694 utro
575 651 762 694 discendi
789 652 956 694 initium
988 652 1160 695 ducant.-
1219 651 1329 693 Nau:
1350 682 1365 705 ,
1405 651 1523 705 quod

212 724 331 779 ajunt
349 753 364 775 ,
406 724 595 767 Graecae
627 723 819 778 Linguae
850 723 1066 766 scientiam
1095 725 1146 765 ad
1171 723 1347 766 Latinae
1373 722 1522 777 cogni-

212 793 371 837 tionem
401 796 585 848 ducere,
617 795 660 838 id
690 796 857 848 quidem
879 795 1088 849 ejttsmodi
1121 804 1186 837 est
1210 803 1288 847 ut,
1321 792 1522 846 quamdiu

218 864 261 908 in
290 866 438 920 primis
471 867 709 921 linguarum
746 866 962 909 elementis
999 867 1200 915 haereas,
1232 875 1303 906 aut
1339 865 1412 907 vix
1445 873 1518 907 aut

217 950 271 978 ne
311 938 382 980 vix
410 937 579 991 quidem
617 947 839 990 appareat:
875 936 1083 990 imperitis
1121 935 1266 974 saltem
1299 944 1341 977 et
1371 936 1517 989 pueris

214 1021 293 1050 nec
330 1009 560 1062 significari
603 1020 682 1051 nec
713 1007 912 1049 declarari
940 1006 1029 1048 fere
1075 1006 1166 1046 ullo
1206 1004 1333 1045 modo
1374 1015 1518 1059 queat.

214 1080 274 1121 Et
303 1081 418 1132 quod
439 1080 671 1122 faciliorem
700 1089 792 1117 esse
814 1076 1058 1129 praedicant
1078 1074 1263 1128 Graeci,
1297 1089 1420 1129 quam
1434 1077 1523 1120 La-

213 1149 293 1191 tini
319 1150 528 1193 sermonis
562 1148 804 1192 facultatem
829 1148 1068 1200 consequi,
1101 1149 1327 1200 multoque
1357 1148 1522 1192 minore

212 1221 387 1275 negotio
404 1221 574 1264 Graeca
598 1218 792 1274 Belgica,
820 1231 943 1272 quam
955 1218 1116 1262 Latine
1141 1220 1283 1273 verti3
1314 1230 1377 1262 est
1401 1220 1521 1263 istud

214 1291 381 1345 quidem
405 1291 592 1346 aliquid:
626 1301 917 1333 verumtamen
955 1289 1186 1343 quominus
1207 1303 1431 1346 propterea
1447 1294 1524 1335 de-

213 1376 308 1406 mus
323 1394 338 1415 ,
357 1363 477 1417 prius
490 1361 651 1403 Graece
667 1391 683 1413 ,
699 1373 823 1413 quam
836 1360 990 1403 Latine
1004 1362 1249 1407 discendum
1268 1376 1364 1406 esse
1377 1395 1391 1416 ,
1409 1365 1521 1406 mul·

212 1442 254 1476 ta
289 1444 389 1476 sunt
423 1445 528 1486 quae
560 1432 810 1485 impediant.
870 1433 983 1475 Esto
1021 1446 1151 1486 sane,
1183 1433 1351 1478 facilius
1384 1436 1521 1479 Grae·

214 1516 263 1545 ce
296 1517 420 1556 quam
443 1503 595 1546 Latine
624 1503 757 1556 disci3
798 1504 912 1546 itane
941 1504 1047 1547 levia
1073 1517 1304 1558 puerorum
1320 1507 1520 1561 ingenia,

212 1575 456 1630 Jamdudum
506 1575 772 1619 facilioribus
808 1585 1003 1627 assueta,
1047 1588 1147 1618 mox
1194 1577 1245 1618 ad
1279 1578 1520 1622 difficiliora.

214 1648 445 1701 traduces,
485 1648 536 1691 ab
582 1648 756 1701 iisque,
802 1659 907 1700 quae
940 1647 1111 1689 illorum
1153 1648 1326 1692 tarditas
1367 1659 1408 1691 et
1451 1650 1518 1693 in-

217 1719 454 1762 constantia
497 1733 590 1762 esse
636 1722 775 1772 solet,
825 1722 949 1774 plane
981 1718 1272 1763 absterrebis?
1316 1734 1394 1764 nec
1437 1734 1518 1776 po-

215 1791 300 1833 tius
324 1790 487 1844 facies,
520 1803 599 1845 ut,
632 1793 835 1835 devorato
876 1791 995 1846 prius
1027 1790 1310 1835 difficiliorum
1341 1793 1518 1849 taedio,

214 1875 315 1905 mox
343 1863 531 1907 faciliora
567 1865 701 1906 veluti
743 1877 819 1919 per
844 1865 985 1906 lusum
1021 1873 1061 1905 et
1089 1865 1234 1918 jocum
1260 1866 1515 1910 addiscant?

214 1933 301 1976 Sed
336 1934 443 1976 enim
471 1937 740 1979 vehementer
776 1949 921 1990 negO,
959 1934 1149 1978 faciliora
1181 1937 1232 1978 ad
1268 1935 1516 1980 discendum

214 2017 309 2048 esse
340 2004 560 2060 Graecae,
610 2020 733 2061 quam
774 2007 949 2049 Latinae
981 2007 1150 2062 linguae
1187 2010 1414 2051 elementa:
1464 2011 1518 2052 de

212 2075 419 2119 elementis
457 2079 567 2122 enim
603 2080 676 2124 hic
713 2079 875 2134 agimus
900 2108 916 2132 ,
958 2091 1046 2120 non
1084 2078 1184 2120 item
1225 2080 1277 2122 de
1317 2081 1513 2126 universa

216 2148 424 2191 sermonis
478 2151 622 2195 indole
646 2184 662 2206 ‚
718 2163 825 2206 quae
869 2163 891 2193 a
939 2149 1083 2203 pueris
1134 2151 1298 2205 percipi
1345 2154 1514 2206 nequit.

213 2216 357 2271 Nam,
387 2229 436 2261 ut
467 2220 545 2263 alia
578 2221 769 2276 mittam,
798 2223 870 2266 vel
906 2220 989 2275 ipsi
1029 2220 1243 2263 literarum
1280 2222 1435 2266 ductus
1471 2234 1516 2267 et·

212 2288 400 2343 figurae,
432 2292 616 2345 speciem
649 2306 748 2347 prae
781 2305 828 2337 se
857 2293 1044 2335 ferentes
1077 2293 1201 2345 plane
1226 2290 1432 2335 diversam
1460 2294 1513 2337 ab

211 2358 267 2401 iis
303 2373 409 2413 quae
447 2363 634 2415 quotidie
662 2364 799 2407 oculis
829 2363 983 2419 subjici
1017 2357 1184 2415 solent,
1219 2375 1377 2415 quanto
1411 2377 1513 2410 sunt

212 2431 346 2486 magis
371 2445 493 2485 quam
523 2431 773 2476 Latinorum
806 2433 968 2477 nostris
1006 2434 1129 2485 plane
1153 2432 1312 2475 similes
1339 2433 1512 2492 literae,

212 2516 479 2558 comparatae
519 2505 571 2546 ad
616 2505 818 2556 quandam
862 2503 983 2556 quasi
1024 2502 1166 2557 fugam
1207 2504 1510 2554 immittendam

217 2586 259 2618 et
292 2577 508 2619 horrorem
541 2574 830 2618 incutiendum
871 2573 1000 2617 tardis
1034 2587 1258 2628 puerorum
1287 2577 1509 2634 ingeniis?

214 2645 377 2697 Deinde
398 2660 530 2703 vero,
564 2659 692 2702 quum
721 2645 772 2689 ad
795 2645 1034 2690 Nominum
1057 2646 1379 2696 declinationem
1403 2653 1514 2697 Ver.

1438 2724 1516 2769 bo-
