1879 3160
443 177 722 225 VITAM
782 177 1295 225 RUHNKENII.
1434 197 1521 241 435

210 313 297 344 rem
332 303 753 356 pronuntiationem,
797 304 930 357 ejecta
961 303 1119 347 mediae
1156 305 1342 359 syllabae
1376 307 1517 348 vocali

211 389 268 428 u,
298 376 346 417 fit
372 376 552 430 primum
569 374 774 430 puerlus;
797 372 976 426 deinde,
993 376 1126 417 altera
1151 375 1315 429 liquida
1339 389 1434 419 cum
1450 379 1517 437 ‚al-

211 457 298 489 tera
332 447 616 497 cominutatA,
650 445 845 501 puellus,·
887 458 975 488 non
1014 449 1094 489 alia
1128 448 1291 490 ratione
1331 460 1454 501 quam
1491 461 1516 491 a

204 516 449 573 perlucidus
484 515 532 557 fit
563 516 823 571 pellucidus,
854 530 877 559 a
901 518 1076 572 perlicio
1105 519 1301 575 pellicio,
1333 528 1374 561 et
1401 532 1517 563 com-

209 589 330 640 plura
354 586 449 628 alia.
525 585 607 628 Est
639 587 768 642 igitur
796 590 994 646 puellus,
1034 601 1169 643 acque
1199 602 1246 631 ac
1277 592 1512 647 puerulus,

205 656 504 699 diminutivum
527 656 650 699 vocis
664 669 805 715 puer,
837 670 879 702 et
902 660 1076 713 proprie
1101 660 1314 714 significat
1341 676 1516 716 parvum

204 741 409 782 puerum:
442 730 518 771 sed
551 730 678 783 longe
706 728 1013 783 frequentioris
1044 745 1149 774 usus
1175 742 1239 774 est
1263 732 1399 776 forma
1426 734 1519 777 foe-

207 799 366 841 minina
396 800 570 855 puella,
615 803 738 857 cujus
773 812 922 845 contra
957 802 1209 856 productior
1235 804 1448 860 puerula,
1480 805 1518 846 si

205 872 333 913 modo
367 872 542 916 Lexicis
573 873 678 916 fides
705 883 770 916 est
794 873 1012 925 habenda,
1042 887 1250 927 nusquam
1288 877 1514 928 reperitur.

200 939 316 984 Hinc
340 941 525 986 fortasse
551 944 673 986 etiam
700 944 875 1000 pullus,
907 956 1159 998 quamquam
1185 946 1228 988 id
1247 946 1317 988 alii
1337 961 1361 989 a
1384 948 1518 992 Grae-

204 1026 257 1055 co
292 1020 422 1064 πῶλος
450 1017 605 1058 ducere
637 1018 818 1059 malunt.

258 1085 310 1128 P.
343 1099 443 1129 110.
485 1086 732 1138 Terentius,
765 1087 1016 1138 Suetonius,
1059 1110 1115 1119 -
1155 1084 1297 1130 Cicero
1335 1099 1376 1131 et
1415 1089 1516 1133 Ovi-

200 1154 335 1213 dius]
373 1158 440 1199 De
470 1156 796 1200 Ruhnkenianis
830 1156 875 1199 in
906 1155 1148 1198 Terentium
1185 1159 1394 1214 scholiis,
1425 1175 1514 1205 non

202 1237 266 1269 est
303 1228 419 1280 quod
458 1228 623 1270 eximiis
656 1227 886 1280 laudibus,
918 1240 1024 1280 quas
1056 1228 1141 1270 illis
1176 1229 1328 1274 merito
1362 1232 1513 1275 tribuit

200 1297 594 1353 WVyttenbachius,
638 1298 868 1351 quidquam
901 1299 1083 1352 amplius
1110 1300 1303 1344 addatur.
1362 1302 1512 1346 Edidit

199 1385 267 1415 eas
300 1371 343 1413 in
379 1370 606 1412 Germania
638 1369 692 1413 Ρ.
717 1369 759 1424 J.
790 1367 933 1411 Bruns
972 1370 1034 1414 V.
1072 1371 1147 1414 C1.
1179 1372 1394 1428 subJectas
1423 1373 1514 1418 Te..

193 1443 321 1486 rentii
358 1439 607 1485 Comoediis
640 1440 692 1481 ad
730 1448 894 1481 textum
930 1438 1107 1483 Codicis
1145 1442 1345 1487 Halensis
1385 1447 1509 1490 editis

198 1513 331 1556 Halae
364 1514 489 1554 1811.
524 1521 574 1552 ut
608 1510 790 1552 diximus
821 1510 865 1553 in
892 1510 1034 1555 Praef.
1070 1510 1237 1566 Opusc.
1271 1515 1503 1562 Ruhnken.

195 1599 242 1639 p.
269 1597 402 1627 xmx.
463 1583 608 1634 Paris,
638 1595 686 1624 ac
718 1581 902 1626 fortasse
927 1583 1050 1625 etiam
1084 1585 1350 1640 superioriS,
1388 1602 1508 1643 prae-

195 1657 371 1701 stantiae
392 1655 562 1697 Scholia
580 1655 624 1697 in
641 1654 880 1696 Suetonium
897 1684 912 1703 ‚
930 1652 1079 1706 partim
1097 1666 1195 1695 suae
1211 1655 1340 1712 hujus
1357 1658 1507 1714 Scrip-

196 1731 303 1771 toris
331 1725 506 1768 editioni
537 1725 715 1768 inseruit
747 1725 798 1767 F.
831 1725 889 1767 A.
918 1724 1142 1779 Wolfius,
1173 1727 1350 1782 Lipsiae
1377 1734 1505 1777 1802.

194 1799 397 1841 Similiter
441 1797 493 1839 de
534 1795 782 1839 Ruhnkcnii
824 1794 868 1837 in
910 1795 1224 1852 Antiquitatem
1265 1800 1505 1847 Romanam

195 1868 509 1922 Lectionibus,
525 1870 675 1924 partim
697 1871 779 1923 jam
803 1864 957 1918 editis,
983 1869 1136 1920 partim
1156 1871 1276 1914 brevi
1301 1873 1472 1915 edendis
1487 1904 1503 1927 ,

193 1953 334 1994 nuper
355 1941 531 1984 relatum
550 1941 727 1996 legimus
740 1939 783 1981 in
794 1936 969 1980 Nuncio
991 1942 1172 1992 quodam
1186 1943 1397 1985 Literario
1409 1945 1504 1999 (*).

195 2012 298 2064 Sic,
333 2025 440 2065 quae
467 2013 572 2056 solis
597 2013 767 2055 Batavis
790 2011 997 2054 debentur
1013 2041 1029 2065 ,
1061 2025 1084 2055 a
1106 2013 1342 2068 peregrinis
1376 2027 1507 2058 occu-

193 2093 373 2137 pantur:
418 2097 466 2126 ac
499 2083 685 2126 fortasse
713 2082 863 2135 etiam,
898 2083 980 2126 nisi
1004 2084 1192 2137 prudens
1219 2086 1407 2129 delectus
1433 2087 1507 2130 ha-

194 2155 373 2206 beatur,
403 2166 499 2196 cum
525 2156 762 2197 Auctorum
788 2155 993 2198 dedecore
1017 2155 1061 2198 in
1086 2157 1221 2198 lucem
1243 2159 1506 2210 protrudun-

193 2235 282 2268 tur.
336 2223 512 2268 Utinam
539 2225 703 2266 tandem
733 2227 985 2269 nostratium
1013 2227 1199 2280 aliquIs,
1231 2240 1357 2271 manu
1382 2230 1504 2283 operi

193 2296 392 2346 admota,
425 2295 672 2338 Ruhnkenii
696 2297 868 2340 Scholia
890 2311 985 2340 cum
1020 2299 1122 2350 illa,
1157 2311 1262 2350 quae
1288 2298 1503 2354 diximus,

192 2365 237 2408 in
263 2365 542 2420 Terentium,
575 2368 858 2423 Suetonium,
892 2380 934 2412 et
959 2369 1302 2423 Antiquitatem,
1332 2382 1503 2425 accura-

1414 2439 1502 2483 tius

243 2523 339 2576 (*)
376 2525 468 2565 Vid.
507 2524 701 2567 Jenai'scke
731 2528 838 2576 Allg.
883 2528 964 2566 Lit.
1001 2528 1105 2569 Zeit.
1144 2529 1251 2577 1823.
1285 2528 1499 2570 Novembr.

191 2590 274 2630 No,
299 2600 389 2640 207.
417 2599 457 2628 et
483 2591 539 2631 cf.
566 2589 694 2631 Intell.
716 2591 842 2632 Blatt.
869 2591 952 2631 No.
976 2603 1043 2642 47.

866 2656 996 2700 Ee2

1873 3150 1876 3160 -
1871 3091 1876 3136 --
1870 2551 1879 3067 .-·..--·-—--=-.-.-W..
1874 2530 1878 2538 ,
1874 2504 1877 2519 2.
1872 2479 1876 2486 .
1873 2418 1876 2425 .
