1879 3160
288 286 374 331 290
541 264 747 312 v1TA
804 263 859 308 D.
909 256 1365 312 RUHNKENH.

286 394 386 439 bere
428 389 589 441 librOS,
622 381 747 430 debet
777 385 1014 442 temporis,
1045 398 1255 442 tamquam
1290 389 1585 443 pretiosissimi

287 478 482 515 sumtus,
514 464 582 504 τοῦ
614 462 965 504 πολυτελεστάτου
1010 462 1307 511 ἀναλώματος,
1338 470 1386 504 ut
1419 464 1591 506 vocavit

289 535 617 587 Theophrastus
641 530 775 584 (120)
791 561 805 580 ‚
827 544 1028 573 summam
1052 530 1255 573 rationem
1273 532 1452 584 ducere,
1479 533 1592 586 eJ'us·

290 619 372 661 que
401 613 442 645 et
478 601 623 644 utendi
657 599 916 653 aequabilem
953 600 1308 654 dispensationem
1345 611 1518 652 tenere,
1549 611 1592 643 et

286 672 439 731 perditi
468 680 677 726 promtam
715 670 1101 723 compensationem
1122 685 1358 728 usurpare,
1392 672 1596 727 diligente

288 751 329 789 et
357 743 477 799 quasi
520 740 794 784 oeconomica
830 740 993 795 accepti
1025 745 1283 798 expensique
1309 744 1596 797 compa-ratio·

287 829 342 862 ne
366 829 377 858 z
410 813 536 857 debet
558 826 661 856 vero
696 811 740 854 in
767 811 916 865 prImis
942 812 1145 855 facilitate
1169 814 1221 855 ad
1243 814 1496 867 pariundum
1522 829 1598 859 va-

287 890 402 939 lere,
444 895 493 928 ut
530 883 650 926 brevi
685 893 879 938 tempore
910 887 1089 927 multum
1128 884 1296 928 efficiat.
1353 885 1602 939 Utrumque

290 958 438 1003 habuit
478 955 783 999 Ruhnkenius.
842 954 979 1009 Igitur
1018 956 1319 1009 quodcumque
1343 955 1380 998 ei
1408 957 1431 999 a
1455 969 1604 999 neces-

289 1031 413 1076 sariis
437 1027 620 1085 negotiis
643 1036 683 1068 et
698 1025 876 1080 privatis
891 1025 1131 1070 Literarum
1157 1028 1313 1071 studiis
1333 1028 1384 1071 ad
1410 1024 1608 1073 recrean-

290 1104 389 1146 dum
423 1102 606 1145 animum
636 1106 853 1151 supererat
881 1106 1083 1151 tempus,
1113 1096 1196 1140 hoc
1224 1098 1407 1141 libenter
1442 1099 1605 1142 tribue-

290 1173 364 1216 bat
396 1168 604 1228 ejusmodi
645 1166 915 1211 sermonibus
954 1167 1375 1222 congressibusque,
1420 1170 1496 1213 ubi
1534 1171 1604 1212 vel

291 1246 344 1289 ab
359 1245 451 1288 aliis
477 1243 602 1296 ipse,
635 1241 704 1281 vel
726 1239 776 1281 ab
807 1239 903 1292 ipso
939 1239 1009 1282 alii
1035 1240 1197 1282 discere
1220 1251 1418 1294 possent.
1476 1241 1605 1284 Non-

294 1327 525 1368 numquam
541 1344 556 1366 ,
589 1321 638 1354 ut
663 1310 736 1364 fit,
768 1310 971 1353 invitatus
989 1312 1040 1353 ad
1066 1311 1349 1365 vespertinam
1376 1313 1603 1354 doctorum

295 1387 520 1431 hominurn
573 1383 878 1426 sessiunculam
909 1413 924 1436 ,
970 1383 1183 1425 incidebat
1221 1382 1265 1424 in
1305 1383 1560 1425 ardelionem
1586 1412 1605 1435 ,

299 1459 373 1515 qui
402 1458 485 1502 sibi
523 1459 642 1499 solus
677 1468 824 1508 sapere
861 1455 1076 1496 videretur
1095 1483 1110 1504 ,
1142 1453 1257 1495 domi
1298 1467 1344 1496 se
1368 1453 1420 1495 ad
1443 1463 1606 1495 certum

298 1532 509 1586 quoddam
544 1526 786 1581 disputandi
827 1535 1118 1579 argumentum
1158 1535 1376 1578 parasset,
1410 1533 1451 1565 et
1488 1521 1613 1575 quasi

295 1613 502 1649 armatura
533 1598 836 1650 instruxisset,
868 1607 958 1640 tum
985 1597 1036 1638 de
1066 1607 1115 1636 eo
1149 1605 1385 1638 sermonem
1410 1592 1609 1649 injiciens

298 1687 347 1717 ac
372 1673 616 1724 disserens,
662 1668 971 1712 eruditissimos
1011 1679 1208 1720 quosque
1233 1666 1517 1720 praesentium
1548 1666 1610 1707 la-

300 1754 517 1797 cesseret,
561 1753 629 1795 et,
664 1755 743 1784 suo
779 1739 946 1793 quidem
988 1737 1177 1794 judicio,
1210 1737 1254 1781 in
1294 1737 1513 1792 triumpho
1535 1736 1616 1778 du-

306 1827 438 1861 ceret.
500 1811 746 1858 Istiusmodi
765 1809 1027 1853 ardelionum
1057 1807 1361 1862 impudentiam
1390 1809 1614 1852 Hemster.

215 1903 299 1945 270
310 1888 462 1931 husius
487 1886 577 1929 fere
604 1883 774 1927 silentio
807 1879 1084 1935 repudiabat,
1115 1877 1420 1921 Valckenarius
1445 1878 1616 1921 cavilla-

305 1960 423 2002 tione
449 1956 676 2008 eludebat,
707 1951 992 1996 Ruhnkenius
1013 1950 1134 1992 brevi
1160 1949 1494 2003 interrogatione
1510 1958 1614 1989 con-

304 2029 494 2073 futabat:
528 2037 771 2077 caeterum,
804 2026 871 2067 hic
897 2022 1062 2075 quidem
1081 2051 1096 2073 ,
1128 2023 1258 2063 semel
1280 2020 1519 2072 iterumque
1538 2018 1616 2060 ha-

308 2113 400 2144 rum
444 2099 803 2141 sessiuncularum
845 2092 980 2136 taedio
1018 2091 1256 2143 devorato,
1296 2089 1348 2132 iis
1388 2088 1432 2131 in
1464 2099 1618 2142 perpe·

308 2183 429 2216 tuum
457 2168 688 2213 valedixit:
721 2167 855 2208 satius
874 2164 1095 2220 judicanS,
1129 2175 1224 2204 cum
1248 2159 1341 2203 aliis
1364 2157 1617 2202 confabula-

306 2244 348 2288 ri
368 2243 457 2287 sive
483 2240 622 2284 doctis
647 2239 735 2281 sive
758 2235 941 2280 indoctis
960 2264 975 2287 ,
1007 2233 1135 2274 modo
1157 2231 1200 2274 in
1222 2243 1298 2272 sua
1319 2240 1407 2272 arte
1436 2227 1616 2284 peritis,

314 2326 355 2358 et
379 2311 584 2357 modestis
609 2322 650 2353 et
673 2309 860 2353 candidis
879 2303 1124 2349 hominibus
1140 2333 1155 2354 ,
1186 2300 1462 2343 venatoribus
1477 2330 1494 2353 ,
1526 2312 1621 2341 mu-

314 2388 448 2439 sicis,
494 2382 751 2438 opificibus,
783 2379 1008 2435 agricolis,
1040 2373 1369 2424 similibusque,
1402 2372 1426 2413 a
1463 2370 1621 2424 quibus

312 2460 408 2513 ipse
425 2454 588 2509 aliquid
604 2461 754 2509 posset
772 2448 947 2502 doceri,
977 2457 1049 2490 aut
1064 2445 1146 2500 'qui
1168 2445 1219 2488 ab
1246 2443 1344 2498 ipso
1361 2442 1504 2486 doceri
1530 2441 1622 2483 vel-

1500 2512 1618 2554 lenta

367 2623 510 2672 (120)
538 2624 641 2661 Huic
668 2620 795 2658 tribuit
819 2618 938 2664 Diog.
965 2616 1094 2655 Lae'rt.
1115 2613 1181 2662 V,
1204 2624 1267 2663 4ο.
1293 2603 1519 2658 Antiphonti
1539 2604 1625 2644 Plu-

309 2690 455 2729 tarchus
486 2690 522 2726 in
547 2688 631 2726 Vita
656 2684 836 2731 Antonii,
864 2693 904 2731 p.
927 2681 1025 2730 928,
1053 2681 1104 2719 A.
