1879 3160
249 207 603 257 ELOGIUM
648 205 1251 254 HEMSTERI‘IUSII.
1323 218 1404 261 309

113 342 194 377 stat
225 333 268 378 in
303 333 450 378 Diario
474 365 490 386 ‚
533 333 604 376 cui
628 332 776 375 tituius
814 330 1093 386 Bibliotheque
1130 327 1198 371 des
1225 331 1407 375 Sciences

109 413 150 446 et
179 401 248 446 des
274 403 410 446 bcaux
431 404 565 457 Arm,
599 403 657 444 T.
689 402 848 444 XXVI.
880 403 928 444 P.
956 400 989 445 Ι.
1021 414 1057 444 a.
1090 402 1214 454 1766.
1246 403 1416 457 p.216.·

110 487 212 527 sqq.
247 475 412 518 Gallice
449 475 653 528 scriptum
689 473 994 515 Hemsterhusii
1025 471 1254 528 Eloffinm,
1296 473 1411 515 lectu

110 544 224 587 haud
259 546 567 602 injucundum,
615 557 692 587 nec
729 554 895 596 tamen,
946 543 1061 596 quod
1096 543 1192 595 quis
1227 541 1414 585 fortasse

109 616 351 670 suspicetur
365 647 380 668 ,
394 628 415 657 a
428 614 672 658 Ruhnkenii
686 628 809 658 manu
823 614 1062 668 profectum
1078 645 1092 666 ,
1110 613 1271 667 quippe
1284 612 1412 655 tantis

110 687 156 731 in
180 700 230 730 eo
250 687 444 729 Iaudibus
471 684 697 734 celebrati,
731 697 906 737 quantas
929 686 972 729 in
994 699 1038 728 se
1063 685 1154 739 ipse
1180 695 1413 734 numquam

111 758 383 800 contulisset.
445 756 495 799 111
537 756 616 797 ista
652 755 781 809 igitur
805 756 1039 810 scriptione
1061 753 1414 797 Hemsterhusius

110 838 235 872 natus
273 840 366 870 esse
399 826 554 869 dicitur
573 855 588 876 ‚
619 838 705 868 non
739 836 788 870 ut
813 827 857 870 h.
887 830 921 871 1.
955 841 972 869 1
1003 826 1130 870 Febr.
1164 828 1273 879 1685
1293 855 1308 878 a
1341 824 1416 868 sed

113 899 298 954 ejusdem
340 898 435 941 anni
473 912 519 952 9.
541 897 636 952 Jan.
674 896 788 947 quod
828 897 912 948 qua
947 898 1197 941 auctoritate
1222 898 1382 941 nitatur
1396 924 1422 958 ,¹

113 970 241 1013 nobis
266 969 497 1012 obscurum
523 977 604 1011 est.
663 967 820 1009 Dis-fert
841 966 964 1009 etiam
986 979 1121 1010 annus
1147 968 1303 1010 delatae
1331 965 1414 1020 ipsi

111 1041 414 1096 Philosophiae
450 1048 490 1080 et
531 1037 782 1081 Matheseos
826 1038 869 1080 in
896 1037 1115 1082 Athenaeo
1144 1038 1416 1081 Amsteioda·

111 1112 247 1156 mensi
284 1108 599 1165 professionis,
644 1107 717 1160 qui
752 1108 811 1150 ibi
847 1118 1104 1151 memoratur
1133 1121 1172 1151 a.
1204 1119 1333 1162 1705·
1370 1108 1415 1150 in

111 1197 199 1236 quo
223 1182 554 1225 consentientem
582 1192 726 1222 secum
751 1179 877 1221 habet
899 1180 1086 1233 scriptor
1109 1179 1280 1222 brevem
1302 1179 1415 1223 vitae

110 1251 422 1298 Hemsterhusii
447 1252 738 1304 notationem,
771 1251 978 1306 proditam
1003 1265 1026 1294 a
1053 1253 1122 1295 Cl.
1148 1251 1414 1295 Vriemoetio

112 1325 156 1368 in
178 1323 360 1366 Athenis
389 1323 585 1365 Frisiacis
616 1337 660 1377 p.
688 1327 772 1378 782
800 1338 868 1377 sq.
900 1325 1140 1367 Consulant
1170 1331 1412 1374 praeterea,

114 1394 188 1447 qui
209 1394 258 1435 de
280 1393 607 1435 Hemsterhusio
633 1407 892 1448 cognoscere
917 1394 1079 1444 velint,
1112 1392 1316 1434 Virorum
1337 1394 1411 1436 Cl.

110 1463 224 1507 Saxii
258 1463 483 1508 Onomast.
524 1465 664 1509 Liter.
696 1467 747 1508 P.
775 1467 856 1509 VI.
888 1478 933 1519 p.
959 1480 1040 1509 100
1065 1475 1106 1508 et
1133 1467 1235 1519 638.
1271 1475 1313 1507 et
1348 1464 1416 1507 Te

113 1533 279 1575 XVatcri
305 1532 474 1574 Narrat.
504 1536 554 1576 de
588 1536 736 1578 Rebus
775 1536 908 1580 Acad.
947 1536 1006 1580 L.
1027 1537 1075 1579 B.
1120 1535 1217 1580 Sec·
1248 1535 1414 1578 XVffl.

117 1620 160 1660 p.
181 1619 278 1648 220.
302 1604 619 1659 scriptoresque
642 1606 700 1649 ibi
724 1607 928 1650 laudatos.
971 1607 1082 1648 Nam
1104 1606 1156 1647 de
1180 1606 1415 1650 notissimis

115 1676 240 1719 Vitae
262 1675 509 1721 Ruhnkenii
538 1679 645 1721 locis
660 1708 675 1731 ,
706 1692 795 1722 non
820 1689 883 1721 est
904 1678 1020 1731 quod
1041 1689 1305 1721 moneamus,

170 1748 282 1791 Ibid.
344 1747 581 1798 Timere-nt,
612 1762 661 1790 ne
693 1762 772 1791 77072
814 1751 959 1793 vitalis
989 1762 1099 1808 puer
1135 1749 1266 1805 essct]
1326 1750 1416 1792 Mi-

112 1833 193 1864 nus
219 1829 362 1871 recte,
396 1818 553 1861 omissa
588 1820 812 1874 negatione
829 1850 845 1872 ‚
881 1821 928 1864 in
952 1822 1094 1876 priore
1117 1820 1203 1864 Ed.
1229 1821 1414 1875 legitur,

111 1893 338 1942 timerent,
375 1903 425 1930 ne
449 1902 491 1933 ν.
514 1901 562 1946 p.
595 1906 629 1937 e.
692 1891 791 1937 Vid.
825 1892 995 1947 opusc.
1023 1891 1253 1938 Ruhnken.
1288 1893 1344 1938 T.
1378 1895 1417 1941 Ιο·

109 1975 151 2016 P·
183 1975 286 2016 Ω49·

171 2033 282 2074 lbid.
342 2031 463 2073 Nam
498 2033 667 2075 eundem
702 2036 849 2077 mentis
885 2036 1097 2088 vigorem,
1135 2036 1280 2091 caca]
1352 2037 1420 2079 De

115 2101 427 2144 Hemsterhusii
467 2117 715 2157 senectute,
762 2119 869 2159 quae
893 2106 1069 2148 aliorum
1100 2108 1336 2159 praestabat
1355 2109 1424 2164 J'u-

117 2182 320 2225 ventute‚
368 2174 611 2218 conteratur
648 2177 747 2219 aiibi
790 2177 902 2220 dicta
938 2178 983 2221 in
1010 2178 1132 2221 Orat.
1169 2179 1218 2219 de
1259 2179 1426 2220 Docto·

117 2256 162 2284 re
205 2243 402 2287 Umbrat.
456 2243 624 2297 Opusc.
673 2247 731 2290 T.
771 2250 806 2293 Ι.
862 2263 909 2303 p.
961 2264 1063 2304 141.
1089 2242 1107 2305 (s
1153 2248 1422 2304 Quibuscum

116 2326 204 2357 non
244 2322 433 2365 pugnant
471 2326 576 2365 quae
617 2318 669 2360 de
709 2330 873 2376 torpore
900 2323 1020 2362 senili
1045 2317 1216 2373 scripsit
1253 2317 1293 2359 in
1321 2316 1426 2360 Vita

117 2384 365 2428 Ruhnkenii
395 2398 440 2438 p.
468 2397 568 2439 133.
599 2388 977 2440 Wyttcnbaehius.
1041 2389 1149 2431 Nam
1187 2398 1227 2429 et
1263 2389 1314 2429 de
1355 2401 1426 2430 ex-

119 2466 248 2499 trema
275 2456 384 2497 vitae
419 2466 536 2506 parte
570 2457 649 2499 ista
684 2458 818 2509 accipi
856 2467 1067 2509 possunt,
1104 2472 1232 2511 quum
1270 2459 1424 2502 Ruhn-

118 2525 269 2570 kenius
295 2525 405 2568 illam
426 2526 672 2570 Orationem
693 2515 983 2580 quatu'orante
1007 2529 1087 2573 viri
1104 2530 1265 2573 obitum
1288 2543 1421 2574 annos

776 2596 819 2639 V
853 2611 876 2652 3
1350 2602 1428 2645 ha·

1463 2240 1479 2301 ,1
1495 2235 1558 2290 lesl‘ss
1580 2243 1718 2289 Ᾰῇαίιιῖ.
1732 2268 1779 2306 s*
1794 2248 1823 2291 5]
